2790 4546
168 346 222 400 280
577 357 630 398 rus
649 355 820 397 aaronica

168 469 254 524 natio
275 465 427 524 naturalis
443 468 474 522 et
489 469 662 537 spontanea
681 466 719 522 ad
744 466 894 535 agendam
915 465 1013 522 vitam
1037 467 1186 522 socialem
1212 469 1246 524 et

168 557 344 629 politicam;
358 556 422 610 imo
438 555 569 610 societas
585 555 728 611 absolute
752 554 927 611 necessaria
941 556 989 610 est
1004 555 1070 610 sive
1086 556 1125 610 ad
1140 557 1243 612 vitam

168 646 340 718 physicam,
363 645 430 699 sive
445 644 482 698 ad
499 645 596 700 vitam
612 643 867 706 intellectualem,
884 644 951 700 sive
966 644 1004 698 ad
1019 645 1118 700 vitam
1136 659 1243 702 mora-

170 735 242 790 lem.
259 733 453 803 appositae.
473 731 528 787 Th.
541 749 548 786 :

205 839 354 894 Naturale
369 839 416 894 est
431 838 550 894 homini
565 841 601 894 ut
620 839 662 896 sit
686 841 802 896 animal
824 841 936 896 sociale
961 841 993 895 et
1014 840 1189 964 politicum,
1206 842 1240 897 in

172 909 372 965 multitudiue
389 910 510 973 vivens,
529 911 626 978 magis
645 912 740 966 ctiam
761 911 853 980 quim
871 911 976 967 omnia
994 913 1057 966 aia
1074 912 1239 978 animalia;

169 980 390 1050 quodquidam
408 979 558 1036 naturalis
575 983 742 1038 necessitas
758 982 909 1038 declarat.
927 982 1005 1037 Aliis
1023 983 1105 1038 enim
1122 983 1242 1037 anima·

169 1053 251 1107 libus
271 1053 385 1106 natura
407 1053 599 1122 praeparavit
622 1053 735 1118 cibum,
758 1055 940 1122 tegumenta
959 1053 1106 1123 pilorum,
1133 1053 1239 1109 defen·

169 1123 300 1187 sionem,
322 1124 358 1178 ut
381 1122 498 1188 dentes,
515 1137 642 1186 cornua,
665 1139 794 1192 ungues,
823 1125 873 1180 vel
901 1124 1012 1179 saltem
1038 1123 1237 1180 velocitatem

170 1195 207 1248 ad
224 1193 345 1262 fugam.
365 1195 462 1248 Homo
476 1200 580 1248 autem
597 1195 764 1251 institutus
779 1195 827 1252 est
843 1196 928 1252 nullo
944 1196 1057 1250 horum
1074 1195 1131 1249 sibi
1148 1210 1167 1250 a
1182 1211 1240 1250 na-

171 1263 245 1320 tura
260 1265 444 1336 praeparato,
466 1265 517 1319 sed
533 1266 598 1320 loco
614 1267 754 1321 omnium
771 1267 842 1321 data
856 1267 903 1322 est
915 1266 944 1321 ei
964 1267 1056 1330 ratio,
1067 1281 1124 1336 per
1143 1282 1238 1336 quam

170 1335 230 1390 sibi
245 1336 310 1391 haec
330 1336 435 1390 omnia
453 1336 554 1391 officio
575 1351 724 1391 manuum
740 1339 845 1407 posset
860 1351 1046 1407 praeparare,
1063 1339 1094 1392 et
1109 1338 1147 1392 ad
1170 1351 1240 1406 quae

172 1407 277 1461 omnia
291 1407 495 1477 praeparanda
510 1422 591 1462 unus
608 1407 698 1463 homo
714 1424 775 1465 non
798 1409 922 1465 sufficit.
939 1410 1014 1463 Nam
1040 1423 1121 1464 unus
1146 1409 1242 1464 homo

170 1493 225 1548 per
252 1493 284 1532 se
309 1477 501 1534 sufficienler
520 1479 618 1534 vitam
644 1481 818 1548 transigere
839 1494 900 1536 non
925 1482 1040 1550 posset.
1064 1482 1118 1534 list
1141 1481 1242 1549 igitur

172 1549 292 1604 homini
312 1549 455 1604 naturale
472 1551 554 1617 quod
574 1551 606 1604 in
619 1552 767 1606 societate
784 1552 956 1606 multorum
971 1552 1068 1606 vivat.
1086 1552 1241 1622 AmplidS,

172 1620 242 1675 aliis
266 1621 476 1675 animantibus
494 1620 591 1676 insita
611 1628 658 1676 est
680 1623 834 1678 naturalis
850 1623 1009 1677 industria
1027 1621 1187 1676 adomnia
1205 1636 1244 1677 ea

172 1705 240 1758 quaa
256 1693 330 1745 sunt
341 1691 386 1746 eis
402 1692 493 1747 utilia
507 1693 557 1747 vel
578 1694 699 1756 nociva,
715 1693 798 1749 sicut
812 1694 881 1750 ovis
901 1693 1090 1749 naturaliter
1103 1693 1244 1748 aestimat

172 1764 281 1832 lupum
296 1762 473 1818 inimicum.
492 1764 636 1826 Quaedam
656 1765 750 1820 etiam
764 1765 913 1819 animalia
931 1779 970 1820 ex
986 1764 1121 1819 naturali
1134 1764 1242 1819 indus·

173 1832 235 1887 tna
258 1835 449 1901 cognoscunt
476 1835 595 1902 aliquas
625 1835 736 1890 herbas
765 1837 963 1891 medicinales
987 1841 1019 1890 et
1046 1836 1107 1889 alia
1128 1849 1241 1890 eorum

173 1903 247 1958 vitae
262 1904 445 1960 necessaria.
457 1906 554 1960 Homo
564 1908 670 1961 autem
682 1907 794 1961 horum
806 1911 958 1974 quaesunt
973 1907 1046 1961 vitae
1061 1921 1125 1961 suae
1137 1921 1242 1961 ncces-

173 1974 257 2029 saria
273 1976 448 2030 naturalem
466 1977 675 2042 cognitionem
694 1977 786 2032 habet
803 1978 947 2034 salumin
967 1977 1136 2042 communi,
1150 1978 1242 2044 quasi

173 2059 208 2100 eo
226 2060 280 2114 per
298 2046 451 2102 rationem
467 2048 590 2102 valente
605 2063 644 2104 cx
660 2048 891 2103 universalibus
911 2048 1072 2118 principiis
1085 2048 1123 2102 ad
1139 2049 1245 2116 cogni-

173 2116 290 2172 tionem
305 2117 513 2186 singulorum
535 2133 602 2186 quae
627 2121 800 2184 necessaria
821 2120 904 2184 sunt,
922 2118 1093 2188 pervenire.
1111 2121 1178 2174 Non
1194 2121 1244 2174 est

173 2192 277 2242 autem
297 2188 444 2258 possibile
469 2192 550 2256 quod
577 2205 656 2245 nnus
681 2191 774 2246 homo
793 2191 831 2246 ad
854 2192 959 2246 omnia
979 2190 1160 2259 hujusmodi
1186 2205 1244 2259 per

175 2272 262 2313 suam
279 2260 431 2314 rationem
447 2261 616 2330 pertingat.
627 2263 680 2316 Est
688 2263 787 2331 igitur
802 2263 1012 2317 necessarium
1029 2261 1142 2315 homini
1158 2261 1243 2328 quod

173 2329 206 2383 in
223 2330 423 2386 multitudine
443 2331 542 2394 vivat,
559 2335 594 2386 ut
618 2347 699 2387 unus
724 2333 762 2388 ab
786 2334 847 2388 alio
871 2333 1049 2401 adjuvetur,
1070 2335 1102 2387 et
1124 2331 1245 2388 diversi

175 2400 309 2457 diversis
328 2401 524 2458 inveniendis
540 2417 596 2472 per
611 2405 765 2459 rationem
781 2401 974 2474 occupentur
990 2404 1038 2473 (l).

213 2544 293 2599 1307.
318 2543 572 2601 Conclusiones
601 2551 727 2602 contra
754 2545 911 2610 Hobbes‚
939 2546 1106 2617 spencer,
1128 2546 1247 2600 Rous-

175 2647 273 2688 scau.
287 2663 318 2672 -
334 2634 452 2689 Exinde
467 2635 692 2699 concludimus,
708 2637 818 2690 contra
838 2634 968 2700 Hobbes‚
985 2638 1128 2705 Speuccr,
1144 2633 1246 2689 Rous-

176 2735 262 2785 seau‚
291 2723 408 2777 statum
438 2724 583 2778 socialem
616 2723 713 2778 fuisse
746 2726 864 2779 statum
894 2724 1091 2793 primitivum
1119 2722 1247 2792 generis

177 2808 316 2863 humaui.
334 2812 427 2866 Secus
442 2811 536 2874 enim,
553 2811 695 2866 homines
710 2812 764 2866 diu
780 2813 887 2867 vivere
902 2813 995 2881 atque
1008 2810 1116 2882 perfici
1132 2811 1247 2879 quate-

175 2911 234 2952 nus
250 2897 391 2954 homines
416 2913 477 2954 non
491 2899 678 2969 potuissent,
695 2915 793 2968 neque
817 2900 947 2971 proinde
964 2900 1183 2971 pervenissent
1205 2899 1248 2954 ad

173 2987 425 3042 constituendam
454 2989 645 3053 societatem,
675 2989 741 3044 sive
770 3004 826 3057 per
852 2989 1049 3044 contractum
1077 2987 1247 3056 quemdam

175 3075 321 3131 socialem
337 3076 385 3146 (ut
398 3077 523 3148 putavit
538 3078 720 3147 Rousseaul‚
734 3077 800 3132 sive
814 3091 870 3148 per
885 3077 1078 3132 coactionem
1094 3080 1126 3132 et
1141 3091 1249 3133 neces-

175 3164 311 3220 sitatem.

214 3297 290 3354 1308.
311 3299 600 3356 Animadversio.
622 3301 821 3356 —Attamen
846 3315 908 3356 non
930 3301 1101 3356 diffitemur
1125 3300 1251 3370 aliquas

176 3388 340 3444 societates
355 3389 463 3445 civiles
477 3404 539 3444 non
559 3390 739 3460 primitivas
758 3389 835 3444 oriri
850 3403 951 3458 posse,
969 3390 1103 3445 decursu
1118 3391 1253 3460 tempo-

177 3490 258 3542 rum,
280 3491 341 3532 non
356 3477 458 3533 solum
474 3493 512 3532 ex
527 3477 651 3543 natura,
668 3479 720 3534 sed
744 3478 838 3533 etiam
855 3492 894 3534 ex
910 3479 1043 3547 quodam
1067 3480 1251 3545 contractu,

176 3565 227 3618 vel
245 3564 372 3630 foedere,
388 3568 470 3634 quod
483 3566 610 3634 familiae
626 3567 691 3622 sive
707 3567 808 3622 tribus
828 3567 909 3622 inire
923 3566 1065 3637 possunt.

206 3755 241 3819 (l)
257 3758 296 3806 De
310 3757 449 3819 repimiae
460 3759 635 3822 principum,
648 3759 695 3809 lib.
708 3760 727 3817 Ι,
744 3775 791 3831 cp.¹
799 3777 829 3810 11.
