2910 4568
315 447 414 488 ceron
433 447 521 488 xmn.
536 463 569 472 -
589 443 638 487 ls0⁸
652 433 716 496 732,
733 433 795 496 733,
812 433 876 494 734,
891 433 954 496 735,
970 431 1036 487 736.
1186 433 1218 488 13

176 561 206 616 3ο
220 557 364 628 Simplex
385 557 433 613 est
455 557 551 613 etiam
576 556 768 628 principium
794 570 994 626 cognoscens,
1020 557 1161 626 cogitans
1185 561 1218 614 et

139 649 190 705 sui
204 647 378 710 conscium,
395 646 477 715 quod
492 645 582 702 nobis
598 645 690 701 inest.
707 647 794 708 Nam,
816 645 876 700 nisi
891 645 950 700 hoc
964 646 1155 718 principium
1171 648 1216 703 sit

139 736 346 800 indivisibile,
363 733 572 806 impossibiles
595 735 670 791 sunt
688 733 830 800 scientia,
853 735 1005 790 memoria
1028 737 1060 791 et
1079 749 1217 806 praeser·

139 829 200 884 tim
216 824 420 882 conscientia.

177 927 207 980 4⁰
229 923 367 994 Denique
391 921 570 977 intellectus
591 923 624 977 et
648 923 794 978 voluntas
818 923 891 977 sunt
915 921 1056 989 ejusdcm
1081 923 1215 992 subjecti

139 1009 356 1068 indivisibilis.
373 1013 449 1065 Nam
474 1011 556 1066 idem
573 1012 621 1067 est
646 1011 700 1078 qui
724 1010 875 1079 intelligit
894 1012 926 1064 et
949 1011 1037 1076 vult;
1062 1011 1145 1066 idem
1168 1013 1218 1067 est

138 1101 320 1173 pracsertim
346 1100 399 1168 qui
414 1100 501 1155 elicit
519 1101 624 1155 actum
649 1099 833 1164 humanum,
855 1099 975 1156 scilicet
999 1099 1146 1167 liberum,
1162 1103 1216 1170 qui

138 1190 320 1248 necessario
340 1190 464 1244 constat
479 1202 519 1243 ex
532 1189 711 1258 cognitione
731 1189 763 1244 et
778 1190 953 1244 voluntate.

176 1335 242 1389 734.
259 1333 528 1403 Argumentum
547 1333 705 1402 petitum
725 1346 772 1387 ex
789 1332 995 1389 reflexione.
1012 1365 1046 1374 —
1062 1335 1148 1404 sape
1161 1334 1216 1390 dc-

141 1427 344 1479 monstratur
358 1420 544 1491 simplicitas
558 1421 670 1476 animae
692 1435 732 1476 ex
755 1423 827 1478 actu
849 1421 1028 1478 reflexionis
1051 1423 1164 1479 animm
1183 1424 1217 1478 in

139 1513 291 1582 seipsam.
318 1510 375 1565 Sed
405 1510 487 1565 forte
510 1513 599 1565 actus
624 1509 804 1566 reflexionis
831 1523 892 1566 non
921 1513 970 1567 est
994 1511 1128 1582 simplex
1156 1512 1217 1568 nisi

139 1602 217 1670 quia
238 1602 288 1656 est
307 1601 395 1654 actus
417 1599 617 1668 cognitionis.
643 1599 729 1654 Unde
751 1614 812 1654 non
834 1601 882 1655 est
901 1601 1124 1669 argumentum
1144 1601 1215 1656 dis-

141 1691 292 1746 tinctum.
1214 1679 1219 1692 '

179 1824 244 1880 735.
262 1822 485 1893 Simplicitas
505 1823 638 1878 animae
652 1827 689 1877 et
703 1822 920 1892 simplicitas
934 1824 1063 1893 puncti
1077 1824 1215 1880 mathe-

141 1913 280 1970 matici.
302 1943 336 1951 —
358 1914 398 1967 Ut
426 1912 517 1981 plane
541 1912 749 1980 cognoscatur
772 1911 884 1966 animae
908 1913 1094 1982 simplicitas
1119 1927 1214 1981 quam

141 2003 329 2066 statuimus,
350 2000 427 2055 bene
444 2000 666 2066 distinguenda
686 2001 735 2055 est
759 2015 776 2054 a
796 2000 997 2071 simplicitate
1022 2002 1128 2070 puncti
1154 2017 1218 2058 ma·

141 2090 320 2148 thematici.
348 2091 417 2144 llaec
436 2089 475 2144 ad
502 2089 709 2156 quantitatem
735 2089 931 2145 solummodo
955 2091 1107 2160 pertinct;
1134 2092 1217 2146 unde

141 2194 298 2251 punctum
315 2178 491 2247 concipitur
500 2179 649 2246 tanquam
664 2178 963 2247 principiumlineae,
975 2181 1031 2234 etc.
1045 2179 1100 2234 illa
1110 2183 1216 2235 autem

143 2270 255 2325 adens
276 2269 379 2337 ipsum
405 2266 545 2322 retertur
566 2269 598 2322 et
617 2267 758 2322 excludit
782 2281 843 2322 non
865 2268 966 2322 solum
987 2283 1217 2338 quamcumque

143 2359 336 2414 divisionem
360 2356 557 2428 quantitatis,
586 2355 753 2410 sedetiam
776 2369 1005 2424 quamcumque
1031 2358 1216 2413 substantiae

141 2445 396 2504 dissolutionem.
410 2445 495 2499 Unde
510 2445 616 2499 anima
631 2458 692 2499 non
708 2445 756 2500 est
772 2445 961 2515 principium
977 2447 1077 2509 lineae,
1091 2461 1146 2502 nco
1162 2447 1220 2502 de-

145 2535 301 2592 terminat
321 2534 423 2588 lccum
437 2549 444 2598 ;
460 2533 587 2602 proprie
603 2547 663 2587 non
679 2533 782 2602 tangit
797 2548 853 2589 nec
871 2534 1029 2602 tangitur;
1046 2537 1093 2590 est
1106 2535 1138 2589 in
1153 2551 1220 2592 cor·

145 2639 236 2696 pore,
254 2623 384 2678 sednon
406 2624 617 2686 mensuratur,
630 2624 690 2677 etc.

180 2766 244 2820 736.
264 2764 503 2834 obiectiones.
519 2794 554 2803 —
576 2767 602 2818 l⁰
618 2763 695 2834 ipsis
720 2763 914 2820 scholasticis
933 2764 1114 2830 fatentibus,
1136 2769 1219 2834 quod

144 2857 195 2911 θεῖ
221 2854 414 2924 principium
442 2856 474 2908 et
499 2853 677 2922 subjectum
705 2854 893 2922 cognitionis
913 2854 1081 2921 sensibilis
1111 2856 1142 2910 id
1171 2859 1220 2913 cst

144 2942 368 3014 compositum,
385 2957 494 3011 nempe
509 2956 662 3012 organum
681 2942 865 2997 animatum.
889 2942 975 2998 Unde
994 2944 1141 3012 cognitio,
1159 2946 1220 3000 sal·

144 3034 211 3089 tem
232 3031 371 3099 cognitio
386 3030 552 3096 sensibilis,
570 3045 630 3085 non
652 3033 700 3086 cst
721 3030 865 3101 simplex,
880 3045 935 3086 nec
948 3031 1086 3087 animam
1100 3033 1221 3104 simpli·

146 3135 216 3176 cem
232 3120 396 3190 importat.

184 3203 279 3288 Hesp]
303 3247 337 3256 -
360 3219 516 3284 organum
539 3217 713 3271 animatum
736 3218 783 3271 est
807 3217 1003 3272 solummodo
1026 3219 1218 3287 principium

145 3305 370 3362 secundarium
394 3305 582 3373 cognitionis
606 3305 778 3370 sensibilis;
803 3306 995 3376 principium
1020 3309 1126 3361 autem
1150 3309 1222 3377 pri-

146 3408 235 3449 mum
250 3394 282 3448 et
301 3393 433 3447 formale
449 3393 497 3447 cst
511 3392 580 3462 ipsa
594 3392 709 3455 anima,
726 3404 794 3458 quac
810 3406 964 3460 organum
979 3392 1141 3448 informat.
1157 3396 1219 3449 Hoc

145 3482 340 3554 principium
365 3481 503 3551 primum
525 3482 574 3536 est
597 3482 772 3536 necessario
796 3481 940 3550 simplex,
969 3483 1065 3536 etiam
1090 3485 1222 3553 propter

145 3571 385 3642 simplicitatem
401 3570 491 3626 actus
506 3571 693 3638 cognitionis
708 3570 875 3633 sensibilis,
886 3570 1005 3625 scilicet
1020 3573 1221 3628 causationis.

145 3662 292 3718 Ceterum
308 3674 371 3714 non
387 3659 500 3714 desunt
520 3660 742 3714 controversiae
767 3659 850 3714 circa
866 3662 1012 3714 naturam
1032 3661 1221 3718 sensationis

146 3753 179 3807 et
194 3749 310 3822 speciei
326 3748 535 3819 intelligibilis
552 3750 592 3818 (v.
609 3763 656 3818 cp.
674 3750 796 3816 xnvur).

181 3851 214 3904 2⁰
228 3849 342 3904 Anima
357 3847 492 3918 simplex
507 3846 628 3916 concipi
645 3860 706 3901 non
716 3846 819 3917 potest
832 3845 1022 3915 proindeque
1038 3849 1087 3903 est
1100 3849 1219 3917 aliquid
