2910 4568
386 415 486 456 curor
506 413 589 453 xnrv.
605 428 638 438 -
653 405 700 452 n⁰⁸
718 398 782 460 737,
798 397 862 460 738,
878 396 941 451 739.
1167 400 1198 454 15

539 622 668 682 onPUT
695 621 792 681 XLIV

265 789 307 829 DE
326 787 589 829 flPlRlTUALITA'I'B
607 786 644 827 El*
663 785 926 828 Immonrnmrars
944 785 1060 828 AMMAE

162 947 249 999 Nune
272 945 471 998 transeamus
490 941 528 996 ad
551 941 762 1012 proprietates
785 953 854 1009 quae
874 939 1010 996 animam
1026 938 1196 999 humanam

126 1032 329 1101 distinguunt
343 1045 362 1085 a
376 1031 499 1086 ceteris.

161 1133 284 1186 Tussis.
303 1158 339 1168 -—
359 1128 492 1200 Propter
514 1131 668 1183 naturam
689 1143 782 1182 snam
806 1125 1060 1193 intellectualem,
1085 1128 1197 1185 animo

124 1219 269 1274 hnmano
294 1219 339 1272 est
358 1215 583 1273 lenmatere'elis
598 1220 626 1273 et
649 1213 829 1281 subsistens,
844 1214 878 1271 id
896 1218 951 1283 est,
967 1213 1143 1288 spiritualis
1163 1249 1197 1262 ·-

125 1311 156 1363 et
170 1303 377 1368 immortalis,
394 1321 506 1376 -pree
521 1303 689 1361 animabus
713 1303 894 1360 bestiarum.
912 1335 946 1344 -
962 1303 1080 1378 Differt
1099 1305 1199 1380 lyitnr

125 1393 340 1452 essentialiter
354 1393 391 1448 ab
407 1392 485 1459 istis,
502 1391 571 1449 lieet
591 1409 655 1447 non
675 1391 716 1449 sit
739 1409 838 1464 neque
856 1393 988 1448 ooadore
1002 1395 1110 1466 possit,
1130 1399 1197 1468 post

125 1486 209 1540 hano
223 1483 335 1548 vitam,
355 1481 487 1556 spiritus
506 1497 616 1556 purus.
633 1512 668 1524 -
693 1479 910 1554 Dlstlnpnitur
931 1481 968 1536 ab
982 1481 1109 1539 domine
1132 1488 1162 1541 el
1178 1501 1198 1540 o

125 1574 191 1630 loto
202 1575 340 1647 personet
359 1571 440 1627 sient
459 1572 565 1643 forma
583 1571 633 1626 oet
649 1586 728 1644 pars
746 1569 932 1644 principalis
951 1569 1158 1646 distinpue'lnr
1178 1593 1198 1629 a

123 1659 310 1736 composito.

160 1789 227 1842 737.
245 1785 377 1841 Anima
391 1785 552 1842 humana
566 1789 623 1841 est
637 1785 849 1856 spirltualis.
866 1815 900 1824 -
916 1786 1034 1842 Animae
1048 1787 1196 1856 spiritua-

123 1877 250 1933 litatem
265 1890 305 1929 ex
320 1875 389 1943 eius
404 1874 519 1930 naturis
533 1873 739 1930 intellectuali
760 1873 938 1942 interimus
954 1889 1015 1930 non
1030 1878 1135 1932 autem
1156 1893 1194 1934 ex

124 1967 195 2036 ejus
216 1964 428 2034 simplicitate.
452 1965 527 2018 Nam
549 1963 667 2018 amima
690 1962 856 2018 brutorum
879 1965 927 2018 est
947 1965 1101 2033 simplex;
1126 1981 1195 2036 quae

124 2057 232 2111 tamen
248 2067 311 2108 non
327 2053 375 2107 est
389 2051 601 2122 independens
615 2067 635 2106 a
649 2066 779 2122 corpore
794 2052 896 2122 quoad
912 2066 987 2108 esse.
1002 2055 1197 2112 Erraverunt

123 2144 228 2212 igitur
252 2141 430 2206 nemesiani,
455 2141 631 2196 asserentes
655 2141 792 2195 enimam
818 2140 986 2196 humanam
1012 2156 1079 2198 esse
1099 2144 1195 2213 spiri-

128 2231 250 2287 tualem
265 2230 339 2298 quia
353 2231 401 2285 est
415 2230 562 2301 simplex.

161 2355 227 2410 738.
246 2355 343 2410 Vera
357 2353 455 2410 notio
479 2354 642 2426 spiritus.
659 2385 693 2396 -
708 2354 848 2408 Primdm
870 2367 947 2409 vera
962 2354 1048 2410 notio
1063 2356 1195 2426 spiritis

126 2447 158 2500 et
183 2444 419 2516 spiritualitatis
443 2445 596 2499 tradenda
618 2445 676 2500 est.
700 2443 835 2513 Spiritus
859 2445 907 2499 est
929 2443 1106 2499 substantia
1128 2459 1198 2514 quae

128 2535 197 2588 sine
225 2532 359 2588 materia
384 2547 476 2602 agere
500 2533 693 2604 proindeque
719 2532 855 2587 existere
876 2532 989 2603 potest.
1013 2533 1088 2587 cum
1113 2533 1195 2590 enim

126 2623 209 2677 aetio
237 2623 449 2688 consequatur
471 2621 682 2684 existentiam,
708 2621 773 2675 liaeo
796 2620 961 2691 perillam
986 2622 1195 2690 cognoscitur.

128 2713 205 2768 Sane
221 2709 354 2781 spiritus
380 2710 506 2778 quidam
531 2724 593 2766 non
613 2723 712 2780 purus
728 2709 812 2764 uniri
832 2711 935 2780 potest
950 2724 1019 2765 oum
1046 2712 1195 2774 materit;

127 2799 304 2863 sedetiam
329 2799 462 2854 durante
486 2799 545 2854 hae
568 2799 682 2854 unione
706 2797 916 2863 substantiali,
932 2800 1056 2867 oportet
1078 2801 1114 2855 ut
1135 2801 1197 2872 spi-

129 2889 210 2944 ritus
226 2887 375 2954 quasdam
392 2889 590 2958 operationes
601 2887 990 2952 exerceatimmateriales,
1002 2889 1194 2959 spirituales,

128 2977 337 3046 inorganieas.
350 2978 394 3031 Ex
409 2978 643 3046 operationibus
654 2977 686 3032 et
696 2971 896 3032 facultatibus
911 2976 1065 3045 ejusmodi
1077 2979 1197 3048 patebit

128 3067 198 3134 ejus
213 3067 343 3121 natura.
362 3068 459 3122 Porro
484 3079 545 3120 non
560 3065 653 3120 aliter
667 3065 903 3121 demonstratur
921 3063 1034 3121 animae
1050 3065 1194 3122 humanae

129 3155 351 3226 spiritualitas.
368 3155 441 3222 Ejus
456 3154 621 3209 laottltates
637 3154 669 3209 et
683 3153 880 3224 operationes
895 3154 1031 3225 propriae
1046 3157 1078 3210 et
1091 3157 1196 3227 speci-

130 3242 196 3298 fieae
220 3244 296 3298 sunt
315 3242 550 3306 immateriales,
567 3241 973 3312 inorganioae‚.proindeque
995 3244 1196 3314 spirituales,
1241 3312 1244 3318 ¹

132 3332 163 3386 et
181 3331 252 3386 ideo
268 3331 374 3386 anima
388 3330 457 3402 ipsa
475 3332 524 3387 est
540 3331 725 3400 spiritualis.

162 3455 227 3511 739.
246 3455 494 3526 Intelligentia
510 3461 567 3512 est
581 3457 842 3514 immaterialis.
860 3460 983 3513 -Nam
999 3459 1086 3514 actus
1101 3458 1201 3516 iutel-

130 3545 249 3614 ligendi
260 3545 454 3601 transcendit
468 3534 632 3603 materiam
648 3560 816 3616 omnesque
827 3547 913 3603 vires
929 3547 1117 3614 materiales,
1134 3549 1201 3604 sive

128 3636 260 3703 propter
286 3631 438 3704 objectum
458 3635 560 3704 ipsum
576 3634 658 3704 quod
673 3633 874 3706 intelligitur,
900 3635 967 3692 sive
986 3637 1117 3707 propter
1137 3651 1199 3690 mo·

129 3721 206 3775 dnm
219 3737 279 3791 quo
294 3721 452 3788 objectum
468 3723 724 3793 apprehenditur.
1005 3735 1006 3738 ’

169 3809 197 3862 1⁰
216 3809 351 3884 Propter
369 3809 530 3880 objectum.
555 3810 714 3880 Objeotum
731 3812 813 3868 enim
840 3813 1019 3870 intellectus
1039 3815 1114 3870 sunt
1133 3816 1200 3870 uni·
