2910 4568
303 415 405 457 cneus
419 413 508 456 xn111.
522 430 557 440 -
571 409 618 455 rus
632 401 695 463 722,
712 398 775 462 723,
792 399 856 462 724,
872 399 934 464 725,
950 400 1013 454 726.
1177 397 1195 451 9

130 526 321 594 argumentis
345 541 413 594 quae
436 539 497 581 non
525 525 628 579 solum
653 525 733 580 hanc
759 523 992 580 distinctionem
1022 523 1075 578 sed
1099 522 1193 577 etiam

130 615 239 670 animae
253 615 486 686 simplicitatem
502 616 533 670 et
547 614 806 684 spiritualitatem
821 613 1047 668 demonstrant.

161 747 224 802 725.
243 747 425 805 Quomodo
446 748 568 804 anima
582 762 713 818 corpus
731 752 864 803 movet.
882 777 915 786 —
931 747 1006 800 cum
1028 746 1133 801 anima
1154 745 1196 800 sit

130 838 266 908 primum
282 839 473 908 principium
489 839 562 892 vitae
578 838 730 908 corporis,
746 837 871 906 oportet
889 836 926 890 ut
941 849 1054 904 corpus
1072 835 1197 889 moveat

130 927 221 981 simul
246 940 283 981 ac
308 927 452 996 seipsam.
482 927 537 981 Hic
560 929 665 981 autem
688 927 790 981 motus
812 925 924 980 animae
945 934 1006 978 non
1029 927 1077 979 est
1096 924 1196 978 conci-

129 1015 260 1084 piendus
286 1017 435 1084 tanquam
467 1017 570 1071 metus
592 1015 708 1070 localis.
725 1015 837 1070 Anima
856 1015 938 1068 enlm
963 1028 1023 1068 non
1049 1014 1198 1068 movetur

130 1104 271 1160 localiter
295 1107 354 1159 nisi
380 1107 534 1172 quatenus
558 1105 682 1176 corpori
707 1105 835 1168 unitun3
861 1103 943 1158 undo
972 1107 1118 1158 movetur
1140 1116 1199 1173 per

129 1194 281 1249 accidens.
297 1197 355 1250 Per
367 1209 399 1249 se
416 1195 515 1249 motui
530 1195 621 1248 locali
637 1207 698 1248 non
713 1193 882 1262 suincitur
898 1193 946 1262 (l).
959 1193 1035 1247 ltom
1051 1193 1077 1246 si
1093 1192 1198 1246 anima

129 1284 246 1338 recedit
259 1299 278 1338 a
292 1299 433 1354 corpore,
455 1298 516 1338 non
537 1285 584 1338 est
599 1283 731 1338 cessatio
753 1281 930 1348 contactum
948 1296 1020 1336 nam
1036 1282 1197 1336 contactus

130 1372 240 1427 animae
263 1373 295 1427 ct
318 1374 457 1441 corporis
481 1375 529 1427 est
550 1372 746 1427 solummodo
769 1372 935 1427 virtualis:
964 1371 1070 1425 anima
1095 1371 1199 1438 tangit

131 1475 241 1530 corpus
257 1467 411 1529 quatenus
427 1461 505 1516 illud
521 1460 673 1516 informat
687 1462 719 1515 ct
732 1459 885 1515 vivificat.

162 1593 229 1649 726.
253 1593 386 1648 Anima
400 1609 472 1649 non
492 1599 548 1650 est
562 1594 759 1664 complexio
780 1607 898 1664 neque
913 1593 1100 1648 harmonia
1115 1607 1196 1648 cor-

131 1683 236 1752 poris.
253 1713 286 1723 -
307 1685 373 1738 Non
402 1683 570 1739 defuerunt
590 1683 805 1738 materialistae
824 1684 946 1738 veteres
969 1682 1021 1750 qui
1050 1682 1199 1738 dixerunt

130 1772 264 1826 animam
289 1785 356 1826 esse
380 1773 503 1838 quidem
525 1772 704 1827 distinctam
720 1787 739 1826 a
763 1771 962 1827 materibseu
977 1785 1117 1840 corpore,
1143 1771 1196 1828 sed

131 1863 276 1928 tanquam
293 1861 434 1916 accidens
460 1877 478 1914 a
499 1860 693 1926 substantia;
710 1860 791 1914 unde
816 1861 1045 1915 contenanum
1060 1861 1195 1915 animam

130 1961 193 2004 esse
209 1950 457 2026 conplexionem
474 1951 523 2004 vel
548 1949 743 2004 harmoniam
767 1950 917 2020 eorporis.
934 1951 1029 2013 Quem
1056 1963 1195 2004 errorem

130 2051 188 2092 non
203 2038 296 2107 pauci
314 2038 528 2093 materialislae
548 2038 691 2093 hodierni
706 2038 803 2094 variis
819 2038 920 2092 modis
942 2039 1192 2093 renovaverunt.

164 2135 194 2188 1⁰
206 2138 304 2191 Porro
320 2137 433 2190 falsum
450 2137 498 2190 est
512 2137 611 2206 primb
626 2136 763 2190 animam
775 2151 841 2191 essa
860 2137 1108 2206 complexionem
1124 2151 1195 2191 cor-

126 2226 223 2294 poris,
239 2229 275 2279 ut.
289 2227 416 2294 pulavit
436 2226 578 2280 Galenus.
599 2227 675 2280 Nam
691 2226 827 2293 primurn
849 2226 1039 2297 principium
1059 2225 1143 2288 vitae,
1161 2227 1197 2280 ut

127 2313 199 2368 alibi
216 2317 376 2369 ostensum
398 2314 445 2368 est
460 2315 503 2382 (n0
522 2313 595 2382 694),
612 2314 660 2369 est
674 2313 855 2368 distinctum
880 2328 899 2367 a
918 2314 1038 2368 viribus
1057 2313 1196 2383 physicis

127 2403 156 2459 et
172 2403 326 2458 chimicis.
343 2407 387 2458 Ex
401 2404 524 2458 viribus
539 2403 645 2458 autem
660 2402 816 2472 eJusmodi
836 2403 1008 2472 complexio
1025 2417 1197 2471 exsurgere

126 2492 262 2548 videtur.

161 2582 278 2637 Deinde
293 2581 469 2652 complexio
486 2584 533 2637 est
543 2582 687 2649 qualitas,
700 2581 892 2650 quaegradus
908 2581 1065 2649 suscipere
1079 2582 1192 2650 potest.

128 2672 238 2726 Anima
262 2675 367 2726 autem
394 2673 442 2726 est
464 2672 566 2726 forma
591 2671 817 2734 substantialis,
842 2685 909 2739 quae
931 2671 1062 2739 proinde
1087 2672 1195 2740 augeri

127 2763 180 2816 aut
195 2761 296 2814 minui
314 2775 375 2814 non
391 2761 504 2830 potest.

160 2849 296 2904 Tandem
313 2851 419 2903 anima
436 2850 551 2917 (agitur
568 2849 605 2904 de
625 2847 730 2902 anima
753 2847 901 2916 humana)
923 2848 1070 2903 resistere
1093 2849 1198 2917 potest

128 2938 337 3008 passionibus,
354 2953 421 3006 quae
437 2953 476 2992 ex
491 2938 707 3006 complexione
720 2938 902 2992 nascuntur.
916 2937 1001 2991 Unde
1016 2937 1121 2992 anima
1136 2951 1196 2991 non

128 3029 172 3083 est
186 3027 373 3096 complexio.
389 3028 434 3082 Ad
450 3042 516 3082 rem
532 3029 561 3081 S.
579 3027 634 3080 Th.
653 3043 659 3079 :

160 3133 275 3188 Anima
298 3133 380 3199 regit
405 3147 518 3202 corpus
547 3136 579 3187 et
606 3134 761 3202 repugnat
784 3131 992 3204 passionibus,
1018 3147 1085 3200 quae
1109 3146 1197 3185 com-

128 3203 304 3272 plexionem
326 3211 516 3272 sequentum
533 3217 572 3258 ex
588 3205 802 3274 complexione
820 3204 903 3257 enlm
925 3203 1021 3270 aliqui
1046 3208 1120 3256 sunt
1135 3217 1198 3257 ma·

128 3276 173 3342 gis
187 3277 259 3329 aliis
274 3276 313 3330 ad
333 3275 599 3344 concupiscentias
614 3277 665 3329 vel
679 3276 743 3329 iras
759 3275 834 3345 apti,
851 3276 1023 3343 quitameu
1045 3274 1143 3340 magis
1160 3274 1197 3328 ab

127 3347 168 3400 ais
183 3347 353 3409 abstinent,
371 3351 501 3416 prepter
524 3346 642 3413 aliquid
670 3345 843 3410 refrenans,
869 3349 905 3402 ut
927 3347 1015 3414 patet
1037 3345 1070 3398 in
1095 3345 1197 3398 centi-

127 3419 280 3472 nentibus.
301 3419 363 3472 lloo
389 3421 494 3472 autem
526 3433 588 3472 non
617 3417 692 3472 iacit
715 3417 899 3486 complexio.
925 3419 991 3472 Non
1019 3418 1067 3471 est
1098 3417 1198 3484 igitur

129 3489 230 3543 anima
245 3489 432 3558 complexio.

159 3561 314 3630 Deceptus
329 3562 434 3614 autem
459 3560 556 3614 luisse
578 3559 706 3614 videtur
734 3559 866 3614 Galenus
891 3574 935 3618 ex,
950 3559 1008 3612 hoo
1031 3558 1112 3626 qubd
1136 3573 1198 3612 non

128 3630 340 3687 consideravit
358 3631 452 3686 aliter
470 3633 649 3701 passionem
668 3630 800 3686 attribui
820 3630 1029 3700 complexioni
1053 3636 1092 3684 et¹
1106 3631 1200 3684 aliter

156 3823 189 3882 (lt
207 3826 232 3874 S.
252 3826 319 3880 Th..
332 3824 409 3882 ibid„
424 3827 456 3874 ad
475 3827 496 3874 1.
