2790 4546
273 443 372 486 onrur
392 445 500 486 uxxxr.
519 461 552 472 -
567 439 614 488 u⁰⁸
632 433 709 501 laet,
725 436 801 499 1295,
815 433 983 500 1296‚1297.
1109 437 1166 492 275

96 568 164 609 rum
179 555 356 626 procreatio
371 555 403 612 et
417 556 560 614 educatio
573 572 580 624 ;
605 571 699 628 porro
723 557 951 615 dissolubilitas
963 573 1021 630 per
1035 572 1068 616 se
1087 559 1162 616 huia

97 643 149 700 fini
163 645 364 700 adversatur.

130 734 234 790 Tertio
253 733 383 802 aequitas
406 735 560 792 naturalis
578 736 719 808 postulat
739 751 778 792 ne
798 737 913 793 mulier
926 737 1165 808 derelinquatur

1 859 2 882 ,
96 824 206 887 aviro,
224 823 306 886 oiim,
323 823 436 880 ceteris
459 825 599 894 paribus,
614 825 686 895 plus
709 826 831 881 amittit
854 827 1050 897 separatione
1070 827 1179 896 quam-

96 926 153 966 vir.

128 1001 263 1058 Tandem
292 999 550 1058 indissolubilitas
583 1003 778 1060 matrimonii
808 1005 943 1060 maxime
971 1005 1093 1062 confert
1124 1006 1163 1061 ad

93 1091 186 1146 bonos
202 1103 316 1145 mores.
333 1091 420 1154 Nam,
442 1091 468 1145 si
484 1093 626 1146 remanet
639 1091 831 1163 possibilitas
852 1093 1079 1158 dissolutionis,
1093 1109 1164 1166 ape·

93 1179 220 1234 riuntur
235 1179 329 1234 corda
342 1180 431 1234 vanis
448 1179 690 1247 cogitationibus
710 1182 743 1236 et
758 1181 932 1238 desideriis.

130 1314 212 1369 1296.
238 1312 409 1382 obtectio.
433 1341 467 1354 -
491 1314 604 1368 Contra
630 1313 825 1370 matrimonii
853 1315 1162 1373 indissolubilitatem

96 1399 249 1469 objiciunt
272 1393 528 1454 consuetudinem
548 1400 737 1465 ludaeorum,
764 1401 875 1468 quibus
894 1403 1015 1458 licitum
1034 1406 1103 1460 erat
1120 1404 1166 1460 dl-

97 1491 222 1546 mittere
240 1503 371 1544 uxorem
397 1503 453 1559 per
474 1489 615 1546 libellum
636 1490 769 1560 repudii.
787 1491 903 1546 contra
927 1493 1164 1549 matrimonium

94 1579 195 1650 ipsum
212 1578 364 1648 objiciunt
385 1578 572 1632 sententiam
589 1579 726 1634 Platonis
742 1579 939 1648 aliorumque
958 1581 1012 1649 qui
1027 1596 1166 1638 eommu-

95 1668 224 1724 nitatem
240 1659 471 1737 possessionum
488 1669 519 1722 et
539 1681 673 1722 uxorum
690 1667 909 1734 laudaverunt.

127 1765 221 1838 Hesp.
242 1766 381 1820 -Plato
401 1765 516 1833 aliique
535 1779 597 1820 non
614 1767 696 1820 serio
717 1765 797 1822 hano
818 1769 1076 1824 communitatem
1093 1768 1165 1825 lau-

93 1855 249 1914 daverunt
263 1855 319 1908 aut
333 1854 471 1924 turpiter
493 1854 614 1924 decepti
637 1855 719 1910 sunt.
735 1857 751 1909 J
756 1855 851 1911 udaeis
873 1859 1076 1921 autemeam
1102 1873 1163 1914 non

93 1945 197 2002 essent
210 1942 268 1998 sub
287 1943 353 2010 lege
373 1941 562 2010 evangeliea,
583 1943 772 2013 permissum
789 1945 837 2000 est
856 1945 1029 2000 divortium
1048 1946 1090 2002 od
1109 1945 1168 2001 da.

93 2031 206 2090 ritiam
230 2029 343 2094 cordia,
367 2031 499 2100 propter
531 2030 653 2099 maj0ra
672 2033 753 2088 mala
777 2033 920 2089 vitanda.
953 2035 1107 2098 Ceterum,
1130 2035 1163 2090 in

92 2123 157 2192 lege
173 2119 313 2192 jndaico„
339 2119 532 2175 adulterium
554 2121 700 2177 maximis
714 2122 813 2192 paenis
833 2123 1047 2178 mulctabatur
1070 2125 1166 2193 atquo

92 2211 285 2280 omniajura
305 2208 486 2264 essentialia
500 2207 627 2263 familiae
648 2209 926 2268 confirmabantur.

129 2344 210 2400 1297.
239 2344 291 2399 De
313 2342 542 2398 matrimonio
570 2348 738 2413 respectu
763 2343 856 2414 leqls
874 2344 1005 2400 civilis.
1029 2374 1063 2386 -
1087 2345 1163 2400 Cum

94 2433 333 2491 matrimonium
349 2431 391 2487 sit
413 2431 594 2487 immediate
615 2432 717 2500 alege
740 2433 887 2497 naturali,
911 2431 980 2501 ejus
1000 2433 1164 2490 vinculum

92 2523 179 2580 nulla
198 2521 320 2577 ratione
335 2521 485 2590 potestati
501 2521 585 2575 civili
600 2521 778 2590 subjicitur.
796 2523 862 2576 Huo
881 2522 1023 2591 spectant
1042 2535 1078 2578 aa
1096 2535 1165 2591 quae

91 2611 270 2682 sequuntur
284 2609 320 2664 de
336 2608 511 2664 obedientia
527 2609 742 2680 superioribus
758 2609 862 2665 debita
878 2627 885 2664 ε

124 2717 265 2774 Tenetur
278 2716 372 2770 homo
387 2715 507 2769 homini
520 2715 645 2770 obedire
664 2715 696 2770 in
714 2715 843 2784 hisquae
859 2717 999 2772 exterius
1019 2729 1077 2787 per
1091 2731 1166 2772 eor-

89 2803 146 2858 pus
162 2792 241 2844 suut
254 2787 392 2856 agenda;
413 2787 444 2840 in
468 2786 581 2854 quibus
596 2788 702 2840 tamen
721 2787 891 2842 seeundum
912 2802 1032 2855 eaquae
1052 2787 1090 2842 ad
1112 2801 1164 2842 na-

89 2862 198 2916 turam
213 2858 355 2927 corporis
369 2857 540 2926 pertinent,
557 2857 650 2912 homo
667 2856 787 2912 homini
802 2857 929 2914 obedire
943 2873 1006 2914 non
1024 2859 1163 2918 tenetur.

90 2931 141 2987 sed
156 2929 262 2987 solum
278 2932 355 2992 Deo;
372 2928 445 2996 quia
460 2941 567 2983 omnes
583 2927 725 2983 homines
742 2929 855 2984 natura
874 2931 948 2985 sunt
964 2943 1068 3000 pares,
1084 2930 1165 3000 puta

4 3049 5 3054 ,
89 3002 121 3058 in
135 3003 188 3057 his
203 3015 271 3070 quae
286 2999 446 3068 pertinent
461 3000 499 3054 ad
514 2998 654 3069 corporis
670 2999 933 3054 sustentationem
948 3005 980 3056 et
994 3001 1093 3070 prolis
1110 3015 1163 3068 ge-

5 3092 8 3107 =
89 3073 296 3130 narationem.
314 3070 399 3125 Unde
425 3084 486 3125 non
507 3071 657 3124 tenentur
677 3083 733 3124 neo
758 3070 842 3124 servi
864 3071 1009 3134 dominis,
1027 3085 1083 3126 neo
1104 3071 1164 3125 filii

5 3167 6 3219 p
89 3143 275 3211 parentibus
297 3141 421 3196 obedire
444 3141 480 3194 de
497 3140 698 3195 matrimonio
722 3141 947 3215 contrahenda,
962 3142 1013 3196 vel
1027 3133 1165 3210 virgini·

4 3229 9 3285 3
89 3216 154 3272 tate
171 3212 338 3275 servanda,
354 3214 410 3268 aut
424 3212 529 3279 aliquo
545 3211 606 3266 alio
623 3211 804 3280 hujusmodi
820 3212 869 3282 (l).

5 3312 11 3353 ἶ
124 3331 235 3398 Itaque
264 3341 327 3382 non
348 3329 450 3398 potest
480 3327 627 3398 princeps
652 3325 754 3381 civilis
778 3327 918 3382 statuere
942 3327 1165 3395 impedimenta

88 3417 274 3474 dirimantia
289 3416 493 3480 matrimonii,
510 3414 634 3471 etiamsi
650 3414 717 3482 eJ‘us
733 3415 867 3483 subjecti
884 3416 947 3471 sint
967 3415 1090 3485 pagani,
1109 3416 1163 3472 sed

87 3507 287 3563 solummodo
310 3506 412 3574 potest
437 3504 647 3560 determinare
671 3503 897 3574 impedimenta
922 3503 1107 3559 dirimentia
1129 3519 1170 3560 ex

87 3595 156 3665 lege
180 3594 328 3651 naturali.
350 3594 435 3650 Unde
459 3592 687 3664 impedimenta
713 3592 896 3660 hujusmodi
920 3593 985 3647 vim
1011 3593 1167 3649 habenta

5 3694 9 3752 ’ς
83 3684 159 3752 jure
184 3685 319 3747 naturae,
345 3697 406 3738 non
431 3682 535 3738 autem
559 3697 577 3736 a
601 3682 669 3750 lege
692 3681 789 3736 oivlli.
810 3683 836 3736 A
855 3680 980 3736 fortiori
1001 3681 1170 3738 matrimo-

119 3859 158 3922 (l)
175 3859 213 3919 2⁸,
225 3859 272 3915 2³,
289 3875 316 3923 q,
335 3858 389 3914 104,
405 3874 429 3906 a.
445 3857 467 3905 5.
