2828 4550
349 425 449 467 creor
463 425 525 466 avr.
543 443 575 452 -
591 424 638 467 sos
653 415 715 477 953,
731 413 795 479 954,
809 417 872 480 955,
888 417 949 472 css.
1133 393 1184 474 us

111 533 333 590 extensionem
349 538 381 591 ei
402 535 569 604 objectum,
594 539 749 594 directum
765 543 815 596 vel
838 540 1037 608 indirectum,
1064 554 1183 598 necnon

109 621 152 676 ad
167 621 238 692 ejus
255 625 402 680 naturam
415 628 446 682 et
459 631 824 698 progressumoccurrit
838 631 1001 702 speciatim
1017 631 1183 688 dicendum

109 714 270 779 quomodo
285 715 392 769 anima
414 717 538 784 corpori
561 717 651 773 unita
673 716 833 788 cognoscit
855 735 979 790 eaquae
1007 721 1081 777 sunt
1101 721 1185 777 inira

108 799 247 870 seipsam
263 804 320 858 aut
333 814 438 874 supra,
454 807 486 861 et
498 806 652 873 quomodo
667 809 826 876 cognoscit
840 809 984 878 seipsam.

146 909 273 965 Tnnsls.
291 940 326 949 -
354 908 528 966 Intellectus
556 911 717 968 humanus
741 927 919 985 cognoscere
944 918 1052 986 potest,
1081 915 1185 988 aliqrro

109 996 204 1050 mede
227 997 352 1064 saltem,
369 999 517 1070 quidquid
540 1001 577 1055 do
601 1003 671 1056 ente
697 999 877 1074 participat.
894 1033 928 1046 -
947 1004 1097 1060 Attamen
1116 1005 1184 1076 ejus

108 1083 266 1157 objectum
295 1087 464 1160 proprium
493 1093 522 1146 el
551 1088 706 1145 directum
731 1094 806 1146 sunt
833 1093 1026 1148 solummodo
1044 1094 1185 1150 essentia

108 1175 279 1231 abstracte
294 1193 314 1231 a
333 1177 423 1232 rebus
438 1177 641 1234 sensibilibus.
658 1209 692 1221 -
710 1179 806 1244 Unde,
827 1195 872 1236 en*
883 1184 950 1237 und
963 1185 1063 1255 parte,
1081 1187 1183 1240 mate·

107 1261 199 1318 riam
226 1267 380 1338 cognoscit
419 1267 692 1333 immaterialiter,
725 1267 960 1337 uniuersaliter,
996 1271 1182 1334 necessaria,
1241 1305 1243 1314 ι

105 1353 241 1420 scilicet,
262 1355 351 1410 modo
366 1355 419 1427 qui
433 1357 578 1429 superior
592 1361 636 1413 est
647 1357 707 1432 ipsi
719 1357 876 1422 materiam
890 1363 919 1415 et
930 1361 1068 1426 aliunde,
1080 1360 1183 1417 Deum

106 1445 140 1498 et
155 1445 281 1516 ampelos
296 1445 448 1518 capnoscit
463 1447 552 1501 modo
563 1446 615 1517 qui
628 1449 674 1503 est
689 1446 765 1520 ipsis
778 1447 923 1518 inferior.
935 1479 970 1491 -
980 1449 1184 1506 Particulare

107 1532 258 1588 sensibile
271 1533 421 1606 cognoscit
440 1535 528 1591 modo
541 1533 705 1593 indirecto.
722 1565 756 1577 -
776 1535 922 1610 Seipsum
943 1541 1047 1593 autern
1074 1555 1185 1612 copric-

106 1621 247 1678 selinon
257 1638 419 1695 persuum
434 1626 613 1691 essentiam,
630 1625 684 1680 sed
696 1641 753 1698 per
765 1642 835 1681 suos
846 1629 944 1682 actus.
957 1659 990 1667 -
1006 1626 1055 1682 Eu
1065 1631 1184 1684 natura
1251 1621 1269 1642 ⁸

108 1710 290 1767 intellectus
305 1712 439 1768 humani
453 1713 593 1785 sequitur
607 1712 704 1770 etiam
727 1712 850 1787 primas
865 1714 951 1770 ideas
966 1734 1030 1772 esse
1046 1716 1185 1773 mauime

108 1801 275 1873 generales
291 1805 319 1858 el
343 1803 507 1874 confusam
523 1803 607 1858 unde
627 1801 735 1876 prima
757 1802 829 1860 idea
848 1821 914 1874 quae
940 1806 1023 1862 cadit
1038 1805 1074 1862 in
1093 1805 1186 1864 intel-

110 1891 229 1946 lectum
246 1889 422 1947 humanum
438 1895 482 1948 est
505 1891 577 1948 ideo
595 1891 676 1948 entis
696 1892 731 1946 in
754 1909 877 1965 periere,
901 1911 963 1949 non
988 1899 1094 1952 cutem
1113 1895 1184 1952 idea

111 1977 189 2034 Dei.

146 2105 213 2162 955.
235 2107 450 2164 intellectus
464 2107 645 2166 humanus
655 2122 867 2180 cognoscere
875 2115 997 2178 potest
1006 2110 1185 2180 quidquid

110 2193 157 2250 de
170 2201 257 2251 ente
271 2195 477 2266 participat.
495 2226 529 2237 -
547 2198 575 2251 1ο
590 2200 678 2260 Nam,
701 2199 735 2252 ut
749 2197 945 2267 experientia
963 2201 1094 2265 constat,
1116 2213 1185 2267 cog-

110 2283 195 2340 nitio
211 2285 349 2340 humana
363 2285 469 2340 omnia
490 2285 702 2354 intelligibilia
716 2287 820 2355 aliquo
839 2287 930 2342 modo
946 2287 1097 2355 attingit:
1115 2289 1184 2366 spi-¹

110 2372 198 2429 ritus
226 2376 259 2430 et
283 2389 426 2445 corpora,
449 2377 546 2430 Deum
569 2377 601 2430 et
623 2377 795 2439 creaturas,
818 2375 944 2430 finitum
966 2377 997 2431 et
1012 2377 1183 2438 infinitum,

108 2465 239 2535 tempus
255 2465 286 2520 et
305 2465 525 2530 aeternitatem,
542 2465 657 2521 bonum
680 2469 712 2522 et
736 2467 863 2522 malum.
885 2466 1028 2522 Proiecto
1047 2467 1185 2522 humana

109 2554 253 2623 cognitio
268 2554 510 2625 estimperi'ecta
526 2555 618 2610 valde
633 2571 640 2608 :
657 2569 738 2625 saepe
754 2556 870 2610 nititur
884 2555 1182 2625 comparationibus,

109 2641 365 2714 oppositionibus
389 2645 420 2698 et
443 2643 612 2712 analogiis;
641 2647 861 2699 verumtamen
886 2644 924 2698 ad
948 2644 1054 2698 omnia
1077 2645 1185 2700 exten-

112 2731 212 2786 ditur,

147 2823 179 2878 2⁰
204 2821 351 2876 Eamdem
376 2821 590 2878 extensionem
619 2822 755 2890 requirit
781 2823 895 2877 nature
916 2819 1105 2886 intellectis,
1131 2824 1184 2890 qui

110 2908 328 2979 proficiscitur
349 2911 496 2978 oprimis
520 2911 684 2982 principiis
708 2913 740 2965 et
763 2911 961 2966 illuminatur
988 2909 1058 2966 idea
1090 2912 1183 2965 entis.

110 2997 221 3053 Prima
246 2999 352 3054 autem
376 2999 533 3071 principia
557 3001 672 3068 absque
696 2983 795 3055 limit‘e
810 3000 903 3064 sunt3
921 3001 952 3054 et
966 2999 1037 3054 idea
1049 2999 1130 3054 entis
1146 3001 1183 3054 ad

110 3088 221 3142 omnia
232 3089 384 3155 quaesunt
396 3087 447 3144 vel
458 3089 593 3144 existere
607 3091 740 3158 possunt
755 3089 941 3159 applicatur.

147 3210 212 3266 956.
236 3209 425 3280 Obiectum
438 3213 625 3284 proprium
644 3219 681 3270 et
696 3215 875 3269 directum
893 3211 1101 3268 intellectis
1119 3210 1182 3265 hu-

109 3301 222 3356 mani.
241 3330 275 3341 -
303 3302 352 3365 At,
373 3303 516 3370 quamvis
545 3302 723 3357 intellectus
753 3301 908 3356 humanus
937 3302 1042 3368 aliquo
1070 3299 1182 3354 saltem

110 3388 207 3444 modo
228 3405 292 3444 non
316 3390 429 3445 habeat
448 3391 575 3454 limites,
604 3392 709 3446 tamen
739 3405 800 3445 uon
824 3391 972 3445 versatur
999 3388 1125 3460 proprie
1153 3391 1184 3441 et

108 3477 232 3533 directe
265 3479 348 3533 circa
375 3478 534 3535 infinitum
562 3481 715 3547 quatenus
743 3480 816 3543 tale,
845 3480 898 3534 sed
918 3479 1002 3533 circa
1031 3476 1183 3552 essentias

110 3565 289 3622 abstractas
313 3581 331 3622 a
352 3567 446 3623 rebus
472 3568 684 3624 sensibilibus·
712 3568 794 3623 Unde
819 3569 956 3622 maxima
980 3567 1106 3635 quidem
1136 3579 1186 3634 est

110 3653 253 3723 cognitio
268 3655 416 3721 humana,
441 3657 468 3712 si
483 3657 550 3726 eJ'us
569 3657 711 3712 extensio
732 3658 911 3726 spectatur;
933 3656 1064 3710 minima
1079 3655 1183 3710 autem

111 3743 138 3797 si
152 3742 196 3798 ad
210 3743 278 3812 ejus
293 3745 447 3814 originem
463 3746 495 3800 et
510 3745 611 3800 media
629 3743 812 3817 proficiendi
829 3745 1015 3802 attenditur.
1030 3742 1184 3812 Quidquid

109 3831 200 3887 enim
217 3833 447 3905 contempletur
470 3836 525 3890 aut
539 3837 659 3902 quaerat
674 3837 705 3891 et
720 3834 862 3892 inveniat
881 3834 1058 3891 intellectus
1073 3832 1184 3887 huma-

1102 3955 1126 3996 εἰ(
