2828 4550
241 397 291 451 148
684 409 859 451 senonicus

275 520 353 577 1033.
375 521 416 576 In
430 520 503 576 Deo
522 535 594 576 non
616 523 673 576 cst
692 521 902 590 compositio
922 521 1049 591 logica.
1066 551 1101 561 —
1124 525 1199 578 Nam
1222 525 1302 580 Deus

235 611 322 666 nullo
338 610 429 665 modo
445 609 625 664 continetur
646 609 678 664 in
701 609 804 678 aliquo
821 624 944 680 genere,
963 612 999 666 ut
1021 610 1140 682 optime
1163 611 1300 670 demons-

234 701 300 757 trat
316 701 344 755 S.
361 698 416 753 Th.
435 714 442 751 z

270 806 394 874 Aliquid
417 806 465 860 est
485 805 518 858 in
543 803 656 874 genere
676 805 865 875 dupliciter:
883 821 945 861 uno
962 806 1053 861 modo
1069 807 1257 878 simpliciter
1271 811 1302 866 et

234 879 372 950 proprie,
389 877 470 932 sicut
485 877 602 946 species
618 891 685 943 quae
699 877 755 931 sub
770 892 883 945 genere
898 878 1117 942 continentur;
1133 879 1195 934 alio
1212 880 1302 936 modo

233 963 291 1020 per
306 948 530 1010 reductionem,
551 948 633 1002 sicut
643 949 800 1018 principia
814 951 846 1004 et
860 949 1055 1018 privationes
1069 965 1076 1014 ;
1098 950 1180 1005 sicut
1202 965 1301 1020 punc·

233 1023 302 1075 tum
318 1023 349 1076 et
366 1019 468 1073 unitas
484 1019 680 1074 reducuntur
702 1019 740 1074 ad
762 1033 859 1088 genus
874 1021 1060 1089 quantitatis
1084 1021 1167 1076 sicut
1188 1022 1302 1092 princi-

232 1091 295 1216 Kia,
312 1091 434 1146 caecitas
456 1093 561 1144 autem
587 1092 618 1144 et
642 1091 743 1146 omnis
757 1091 895 1158 privatio
911 1091 1074 1146 reducitur
1088 1093 1125 1145 ad
1140 1107 1239 1161 genus
1254 1095 1299 1148 sui

255 1161 368 1218 abitus.
385 1163 499 1215 Neutro
515 1163 620 1215 autem
637 1161 727 1216 modo
751 1164 829 1216 Deus
857 1164 903 1217 est
928 1163 961 1216 in
977 1177 1099 1231 genere.
1116 1165 1202 1227 Quod
1218 1165 1298 1219 enim

232 1247 294 1288 non
316 1232 416 1302 possit
439 1247 506 1286 esse
531 1232 649 1302 species
672 1233 807 1300 alicujus
834 1234 957 1301 generis
985 1231 1153 1302 tripliciter
1179 1235 1301 1290 ostendi

231 1305 344 1374 potest.
363 1301 472 1356 Primo
488 1304 623 1372 quidem,
642 1303 715 1371 quia
731 1305 847 1372 specics
862 1305 1068 1359 constituitur
1082 1319 1122 1360 ex
1142 1320 1256 1374 genere
1270 1315 1301 1361 et

231 1373 418 1430 differentia.
436 1375 563 1444 Semper
576 1375 682 1430 autem
697 1375 729 1429 id
753 1389 771 1428 a
794 1389 854 1443 quo
874 1376 1012 1430 sumitur
1027 1375 1205 1432 differentia
1225 1391 1298 1432 con-

231 1447 365 1502 stituens
381 1444 525 1516 speciem,
540 1460 572 1500 se
588 1445 682 1500 habet
696 1445 734 1499 ad
749 1445 827 1500 illud
843 1446 924 1501 unde
940 1446 1079 1502 sumitur
1093 1461 1201 1515 genus,
1218 1449 1301 1502 sicut

231 1519 319 1572 actus
332 1517 371 1572 ad
386 1517 593 1586 potentiam...
610 1517 707 1580 Unde,
720 1517 792 1570 oiim
806 1517 839 1571 in
850 1520 909 1572 Deo
921 1532 983 1572 non
994 1517 1184 1586 adjnngatur
1193 1519 1302 1589 poten-

230 1589 276 1644 tia
289 1588 383 1654 actui,
398 1587 592 1657 impossibile
607 1588 655 1643 est
669 1587 750 1653 quod
773 1588 815 1643 sit
829 1589 861 1642 in
876 1602 988 1655 genere
1001 1593 1149 1657 tanquam
1170 1591 1297 1658 specics.

231 1657 383 1722 Secundo,
401 1657 475 1726 quia
492 1659 563 1712 cum
578 1671 645 1713 esse
661 1659 713 1714 Dei
733 1658 775 1714 sit
789 1659 858 1728 eJus
873 1661 1060 1720 essentia...,
1077 1661 1103 1714 si
1124 1660 1202 1715 Deus
1218 1669 1303 1716 esset

230 1731 262 1784 in
278 1731 381 1798 aliquo
397 1743 519 1798 genere,
541 1731 701 1800 oporteret
724 1730 805 1798 quod
829 1743 927 1798 genus
952 1730 1020 1796 ejus
1035 1731 1117 1785 esset
1139 1745 1203 1786 ens.
1224 1735 1299 1788 Nam

228 1816 325 1869 genus
348 1799 504 1870 significat
527 1801 693 1855 essentiam
715 1801 770 1864 rei,
792 1801 861 1855 oiim
885 1801 1075 1871 praedicetur
1099 1801 1132 1855 in
1155 1816 1191 1856 eo
1217 1804 1299 1870 quod

228 1873 302 1940 quid
321 1874 380 1927 est.
401 1871 542 1926 Ostendit
555 1879 659 1926 autem
676 1869 917 1940 Philosophus...
938 1872 1018 1939 quod
1038 1885 1092 1927 ens
1116 1886 1178 1926 non
1193 1875 1300 1942 potest

228 1957 295 1998 esse
311 1957 409 2012 genus
423 1942 591 2010 alieuJus...
608 1943 694 1997 Unde
709 1941 901 2010 relinquitur
918 1943 1000 2010 quod
1021 1945 1099 1998 Deus
1122 1957 1182 1998 non
1206 1945 1252 2000 sit
1266 1946 1303 1998 in,

227 2029 349 2082 genere.
369 2011 483 2074 Tertio,
500 2013 692 2078 quiaomnia
709 2015 868 2081 quaesunt
887 2015 920 2067 in
942 2028 1054 2081 genere
1075 2027 1136 2068 uno
1159 2028 1298 2070 commu·

228 2086 335 2141 nicant
348 2085 381 2138 in
396 2084 569 2152 quidditate
585 2085 635 2138 vel
650 2083 785 2138 essentiis
804 2085 935 2152 generis,
957 2085 1038 2152 quod
1053 2085 1249 2154 praedicatur
1262 2087 1297 2141 dc

226 2157 318 2212 eisin
333 2171 369 2211 eo
384 2155 466 2222 quod
479 2155 554 2224 quid
568 2157 633 2220 est;
654 2155 804 2210 differunt
818 2157 923 2210 autem
942 2156 1113 2210 secundum
1132 2171 1208 2212 esse.
1232 2159 1298 2211 Non

226 2227 309 2282 enim
326 2227 407 2282 idem
422 2228 546 2282 estesse
562 2226 696 2280 hominis
706 2229 738 2280 et
748 2227 829 2293 equi,
842 2240 898 2280 neo
911 2224 1149 2293 hujushominis
1164 2229 1195 2282 et
1208 2227 1299 2283 illius

226 2299 371 2353 hominis.
398 2301 434 2352 Et
458 2298 502 2352 sic
526 2299 650 2366 oportet
673 2297 754 2364 quod
778 2311 980 2365 quaecumque
1004 2299 1077 2352 sunt
1109 2297 1142 2352 in
1169 2313 1295 2367 genere.

226 2370 372 2424 differant
386 2369 418 2423 in
434 2369 478 2422 eis
492 2383 558 2423 esse
573 2371 604 2422 et
619 2368 701 2436 quod
717 2368 790 2436 quid
810 2372 868 2431 est,
885 2367 915 2422 id
931 2369 988 2430 est,
1004 2369 1149 2424 essentia.
1173 2371 1205 2423 ln
1236 2373 1298 2424 Deo

225 2439 331 2495 autem
356 2455 417 2494 non
446 2440 604 2500 differunt,
627 2443 662 2493 ut
689 2448 848 2494 ostensum
877 2441 958 2493 est...
985 2439 1070 2494 Unde
1093 2439 1296 2497 manifestum

225 2512 368 2580 estquod
387 2511 467 2565 Deus
491 2524 553 2564 non
577 2511 625 2564 est
646 2510 679 2563 in
698 2525 811 2578 genere
827 2509 909 2564 sicut
927 2511 1054 2579 species.
1072 2513 1116 2564 Ex
1130 2511 1188 2566 hoc
1210 2516 1298 2580 patet

225 2583 306 2650 qued
321 2597 382 2636 non
398 2579 490 2636 habet
506 2595 612 2649 genus,
629 2592 729 2648 neque
745 2581 947 2646 differentias,
964 2595 1062 2648 neque
1078 2581 1126 2636 est
1151 2580 1299 2638 definitio

224 2653 334 2722 ipsius,
350 2667 450 2720 neque
469 2652 705 2719 demonstratio,
725 2652 784 2706 nisi
804 2666 861 2721 per
881 2653 1044 2714 effectum
1062 2653 1136 2718 quia
1151 2651 1296 2709 delinitio

224 2729 272 2778 cst
286 2739 324 2778 ex
339 2737 451 2791 genere
471 2729 502 2776 et
517 2723 693 2776 differentia
709 2737 715 2786 ;
732 2723 1008 2778 demonstrationis
1028 2725 1134 2778 autem
1155 2725 1295 2780 medium

224 2796 271 2849 est
285 2793 435 2849 definitio.
447 2821 479 2831 —
495 2793 579 2856 Qudd
590 2794 695 2847 autem
710 2795 788 2848 Deus
804 2808 865 2848 non
881 2794 922 2848 sit
939 2793 971 2848 in
987 2807 1099 2863 genere
1114 2809 1171 2865 per
1185 2795 1296 2850 reduc·

222 2865 339 2920 tionem
359 2867 395 2919 ut
413 2864 613 2932 principium,
626 2864 825 2919 manifestum
842 2868 942 2919 estex
958 2865 1086 2932 eoquod
1100 2866 1294 2936 principium

223 2931 304 3003 quod
317 2935 478 2990 reducitur
495 2934 533 2988 ad
551 2934 676 3002 aliquod
690 2949 796 3002 genus,
814 2949 875 2988 nou
892 2950 925 2990 se
940 2936 1082 2990 extendit
1097 2937 1179 2990 ultra
1194 2951 1298 3004 genus

222 3006 315 3070 illud;
332 3007 414 3060 sicut
426 3007 576 3075 punctum
594 3007 716 3060 nonest
731 3007 920 3074 principium
937 3007 995 3060 nisi
1022 3007 1207 3074 quantitatis
1223 3022 1298 3064 con·

222 3078 342 3139 tinuae;
380 3078 412 3131 et
444 3077 558 3140 unitas
599 3077 785 3144 quantitatis
822 3077 974 3132 discretae.
1000 3079 1081 3133 Deus
1113 3079 1219 3134 autem
1246 3087 1294 3134 est

221 3149 409 3219 principium
420 3147 518 3202 totius
528 3161 627 3203 esse...
641 3149 726 3204 Unde
742 3163 804 3202 non
816 3149 997 3204 continetur
1007 3149 1039 3203 in
1049 3149 1154 3217 aliquo
1165 3163 1296 3220 genere,

221 3220 303 3276 sicut
316 3218 508 3290 principium
525 3217 575 3288 (l).

259 3359 338 3413 1034.
359 3359 546 3414 Conclusio
563 3375 569 3412 :
589 3359 655 3414 Dei
674 3359 842 3414 absoluta
856 3359 1081 3430 simplicitas.
1094 3363 1182 3415 -Ex
1197 3361 1293 3417 dictis

218 3449 395 3516 colligimus
411 3450 557 3502 naturam
574 3447 712 3502 divinam
735 3462 803 3503 esse
817 3449 959 3504 absolute
982 3449 1167 3519 simplicem.
1183 3453 1294 3518 Argu·

219 3542 324 3591 menta
338 3538 443 3591 autem
460 3550 528 3604 quae
543 3535 639 3591 allata
658 3538 743 3604 sunt,
759 3537 797 3591 ad
813 3537 975 3604 sequentia
989 3537 1196 3593 revocantur:

252 3623 348 3679 Omne
371 3625 579 3695 compositum
605 3624 758 3694 dependet
777 3639 816 3679 ex
841 3626 906 3680 suis
923 3624 1191 3695 componentibus,
1207 3640 1290 3695 quo-

247 3817 333 3877 ll)1·,
350 3831 376 3881 q.
392 3816 415 3873 3,
432 3832 455 3867 a.
472 3818 496 3866 5.
