2790 4546
230 347 287 405 288
644 361 697 402 sus
716 359 887 402 unrunsnn

232 475 319 530 Unde
333 473 478 530 videmus
494 472 576 540 quod
591 472 674 528 inter
690 470 810 539 eosqui
834 469 1045 526 communiter
1059 469 1092 523 et
1112 484 1151 524 ex
1168 469 1288 525 indiviso

233 545 352 615 aliquid
366 542 528 616 possident
543 542 737 612 frequentiis
754 541 865 612 jurgia
879 540 1029 595 oriuntur
1045 539 1094 609 (1).

273 670 350 726 1278.
378 669 575 726 Conclusio.
603 667 703 724 duris
726 666 964 737 proprietatis
994 667 1160 735 01190.-
1184 667 1223 720 Ex
1247 665 1288 720 his

236 759 450 815 concludimus
469 759 523 827 jus
547 757 667 814 stabilis
696 755 901 828 proprietatis
927 770 987 810 non
1007 755 1085 810 oriri
1118 770 1158 810 ex
1184 755 1287 824 legibus

235 847 393 911 humanis,
407 849 443 902 ut
459 847 605 903 volebant
631 846 758 908 Hobbes,
774 845 1002 912 Montesquieu,
1018 845 1186 908 Mirabean‚
1203 858 1287 912 neque

234 952 274 993 ex
287 937 451 992 contractu
471 935 662 1000 (putendorf,
680 935 828 1004 Grotius),
855 933 927 988 licet
950 934 1162 989 contractibus
1184 935 1213 988 et
1226 933 1287 1001 legi-

234 1025 292 1080 bus
307 1025 454 1082 humanis
469 1025 548 1079 illud
566 1024 619 1093 Jus
635 1023 864 1079 determinetur
874 1023 905 1076 et
918 1022 1106 1091 applicetur.
1124 1022 1204 1076 Unde
1215 1021 1286 1075 nulla

234 1114 407 1170 auctoritas
422 1113 675 1183 humanapotest
689 1113 809 1168 civibus
825 1112 978 1179 denegare
1002 1124 1057 1180 per
1077 1124 1109 1165 se
1132 1109 1180 1177 jus
1199 1107 1286 1178 aequi-

233 1204 323 1259 rendi
339 1205 371 1259 et
391 1202 536 1258 servandi
565 1202 692 1258 stabiles
715 1200 935 1272 proprietates,
961 1213 1060 1267 neque
1080 1197 1199 1254 sancire
1217 1199 1286 1252 inter

232 1293 318 1348 cives
347 1291 605 1348 communitatem
627 1289 870 1361 proprietatnm.
891 1291 946 1343 Jns
961 1289 1044 1342 enim
1068 1287 1242 1356 acquirendi
1261 1286 1286 1340 et

231 1381 412 1453 possidendi
432 1381 480 1434 est
500 1395 519 1434 a
541 1379 656 1434 natura
678 1377 748 1448 ipsa
771 1391 806 1432 ac
830 1377 962 1448 proinde
986 1391 1003 1431 a
1027 1379 1102 1440 De03
1131 1391 1190 1432 ncn
1218 1375 1286 1444 qued

233 1472 348 1526 natura
373 1470 442 1539 ipsa
466 1467 727 1524 determinaverit
757 1466 968 1538 possessiones
993 1465 1133 1534 singulas
1157 1463 1220 1534 (snb
1239 1465 1286 1518 hoc

232 1559 377 1629 respectu
393 1558 476 1612 enim
493 1557 599 1613 omnia
614 1558 689 1612 sunt
703 1554 893 1622 eommunia)
910 1571 917 1608 ε
935 1554 988 1610 sed
1011 1555 1126 1609 natura
1146 1555 1209 1609 sive
1223 1553 1286 1608 ordo

232 1645 378 1714 requirit,
394 1646 534 1715 spectato
551 1645 636 1699 statu
653 1643 809 1712 praesenti,
825 1643 959 1711 aliquam
976 1641 1163 1698 divisionem
1180 1655 1286 1710 posses·

234 1746 368 1788 sionnm.

272 1859 349 1914 1279.
371 1857 604 1927 Reqiminum
627 1855 863 1927 proprietatis
885 1855 1060 1911 varietas.
1078 1884 1112 1894 —
1140 1857 1183 1910 Ex
1210 1852 1287 1909 dictis

233 1946 448 2002 concludimus
464 1947 558 2003 etiam
578 1947 669 2001 varia
682 1945 887 2016 proprietatis
903 1946 1068 2014 regimina,
1086 1960 1148 2000 non
1164 1943 1288 2014 exceptis

232 2035 384 2105 oppositis
406 2036 490 2091 inter
512 2050 554 2100 se,
580 2049 750 2090 consonare
772 2048 862 2105 posse
883 2033 951 2102 jnri
975 2034 1124 2089 naturali.
1144 2035 1197 2088 lus
1217 2031 1288 2087 enim

233 2125 376 2180 naturale
400 2126 506 2194 potest
529 2125 663 2179 diversis
688 2122 788 2177 modis
808 2110 1014 2186 determinari
1036 2137 1093 2194 pro
1118 2119 1290 2191 temporeet

233 2213 357 2282 populo.
375 2215 412 2267 Et
431 2227 552 2276 revera,
575 2212 671 2276 alind,
697 2225 745 2268 ex.
763 2226 822 2279 gr„
848 2211 910 2268 init
934 2213 1075 2280 regimen
1095 2210 1288 2282 proprietatis

232 2301 316 2372 apud
331 2300 486 2365 Hebraeos,
503 2300 589 2355 alind
613 2301 696 2376 apud
720 2301 885 2364 Romanae,
918 2299 1003 2354 alind
1035 2301 1179 2370 tempore
1207 2296 1288 2354 medii

230 2390 310 2453 aevi;
331 2389 417 2445 aliud
440 2389 637 2444 hodiernum.
664 2389 721 2444 Sed
744 2388 823 2442 illud
848 2387 1018 2457 perfectius
1040 2389 1089 2443 est
1118 2401 1177 2456 quc
1202 2385 1287 2454 magis

229 2479 387 2547 juvantur
401 2478 485 2533 cives
500 2479 532 2532 et
546 2477 677 2532 societas
693 2477 761 2548 ipsa
779 2476 817 2531 ad
833 2476 1036 2533 obtinendum
1053 2476 1149 2532 finem
1162 2490 1257 2531 suum.

271 2601 346 2657 1280.
370 2603 530 2658 Minimas
540 2601 783 2672 proprietates
797 2602 945 2657 tuendae
959 2605 1048 2657 sunt
1067 2601 1106 2656 in
1118 2601 1249 2672 primis.
1260 2627 1288 2638 -

231 2693 338 2758 Porrc,
362 2691 419 2746 snb
450 2691 604 2760 regimine
637 2691 755 2760 optimo
775 2690 980 2761 proprietatis
1006 2690 1152 2746 minimas
1177 2701 1288 2761 posses-

232 2779 335 2834 siones
357 2779 494 2834 maxime
516 2779 600 2834 tueri
618 2780 754 2850 oportet,
775 2780 820 2834 ita
849 2780 884 2834 nt
916 2779 999 2834 cives
1027 2793 1181 2849 pauperes
1209 2775 1287 2833 facile

231 2867 354 2938 possint
377 2881 429 2922 eas
453 2868 625 2936 acquirere,
652 2867 837 2936 faciliusque
859 2882 986 2923 servare
1015 2869 1108 2936 atque
1133 2867 1206 2934 filiis
1232 2865 1287 2920 suis

231 2957 458 3012 transmittere.
474 2957 649 3028 Optandum
666 2958 714 3012 est
729 2955 812 3012 enim
832 2958 868 3012 ut
883 2955 1012 3012 familiae
1027 2970 1186 3026 nunquam
1207 2953 1287 3010 desti·

230 3045 365 3100 tuantur
379 3043 484 3112 aliqua
497 3045 704 3115 possessione.
720 3045 841 3108 Quanta
853 3044 1017 3100 commoda
1031 3058 1158 3114 sperare
1174 3044 1241 3099 licet
1254 3054 1287 3094 ex

230 3133 288 3191 hoe
303 3133 405 3205 capite
420 3133 539 3189 indicat
551 3133 713 3203 Enoyclica
727 3130 848 3187 lteram
864 3148 1021 3186 novarum
1037 3135 1086 3204 (2).

269 3257 345 3314 1281.
367 3258 420 3313 De
441 3258 521 3327 iure
535 3257 796 3318 associationis.
812 3287 847 3298 -
866 3261 919 3312 lus
948 3257 1166 3314 associationis
1197 3257 1287 3313 oritur

228 3346 408 3402 immediate
423 3361 464 3402 ex
475 3347 550 3415 jure
566 3346 715 3411 naturali,
730 3361 792 3402 non
808 3347 913 3402 antem
930 3361 969 3401 ex
988 3347 1054 3416 lege
1077 3347 1176 3412 civili,
1191 3347 1225 3401 ut
1237 3359 1288 3412 op-

228 3435 306 3490 time
319 3435 514 3491 demonstrat
529 3435 690 3504 Encyclica
704 3433 826 3490 Rerum
842 3450 999 3490 novarum
1016 3455 1026 3488 .·

261 3577 295 3636 (l)
307 3575 344 3636 2³,
358 3575 404 3634 2⁶³,
416 3590 442 3640 q.
458 3575 498 3634 66,
510 3590 534 3624 a.
550 3576 574 3625 2.
590 3604 621 3612 -
637 3576 677 3627 cf.
691 3577 756 3626 Eae.
772 3578 880 3628 Rerum
899 3591 1047 3638 novaram,
1065 3579 1113 3628 ubi
1130 3576 1287 3628 socialismns

230 3637 396 3687 confutetur.

230 3699 356 3810 „iffi
369 3699 555 3763 l'ldncyelique
571 3700 737 3758 (traduction
754 3700 898 3764 autorisee)
915 3700 983 3752 dans
997 3701 1039 3751 les
1054 3702 1160 3752 Etudes
1176 3695 1285 3752 sociem.
