2910 4568
248 367 285 422 26
680 381 897 426 rsrcnonoom

258 495 341 558 nam,
356 493 450 550 etiam
466 495 539 549 ante
553 492 724 550 adventum
739 493 852 549 animae
867 493 1053 565 spiritualis,
1070 495 1128 550 hoo
1149 493 1259 550 vivens
1274 495 1324 552 est

252 579 396 654 specifice
412 582 595 640 distinctum
610 597 630 637 a
643 583 757 638 ceteris
771 582 970 638 animalibus.
983 583 1095 638 Anima
1109 584 1214 638 autern
1223 583 1324 640 intel·

255 669 380 740 leetiva,
395 685 463 739 quae
479 671 611 726 deinde
602 685 636 726 111
649 671 751 728 locum
766 672 880 727 animae
893 660 1053 728 sensitivae
1068 671 1235 750 sufficitur,
1247 686 1323 728 oon-

252 760 308 816 stit
310 760 359 816 uit
378 760 587 816 differentiam
600 775 662 817 non
678 761 779 817 solum
792 757 980 832 specificam,
994 760 1047 816 sed
1062 761 1248 830 genericam.

287 892 350 949 758.
367 894 500 950 Anima
513 893 696 950 sensibilis
710 893 945 965 emhryonem
959 894 1006 950 ab
1020 894 1125 950 inltlo
1139 893 1320 952 intormet.

257 1011 292 1028 -
307 983 454 1038 Rationes
469 982 565 1052 hujus
580 983 808 1039 affirmationis·
814 984 889 1038 sunt
902 982 1079 1052 ejusmodi:

250 1073 319 1127 vl⁰
343 1073 432 1129 'leste
458 1074 590 1130 scientia
613 1073 864 1146 experimentali,
889 1074 997 1130 statim
1022 1073 1060 1130 ab
1083 1074 1173 1130 initio
1192 1075 1322 1145 embryo

247 1161 397 1216 nutritur
421 1162 562 1218 materiis
582 1161 791 1232 inorganiois,
815 1163 854 1219 ad
884 1162 1010 1218 modum
1038 1163 1234 1228 animalium,
1257 1177 1321 1218 non

253 1251 358 1305 autem
376 1251 518 1306 materiis
533 1251 734 1321 inorganiois,
748 1252 787 1307 ad
803 1251 930 1307 modum
947 1253 1139 1322 plantarum.
1156 1252 1242 1308 Unde
1259 1266 1322 1308 em-

254 1337 333 1408 bryo
347 1339 539 1395 informatur
548 1340 615 1410 J'am
630 1341 737 1398 anima
751 1341 912 1400 sensitiva.
975 1389 978 1397 1

249 1474 251 1480 ,
282 1427 319 1479 2·
339 1427 448 1485 Adhuc
478 1431 559 1486 teste
584 1429 716 1486 scientiis
735 1416 986 1500 experimentali,
1011 1429 1116 1484 anima
1140 1427 1322 1498 vegetativa

249 1517 333 1572 esset
351 1517 473 1574 inutilis
493 1518 532 1574 ad
547 1519 790 1590 praeparandum
812 1518 982 1574 adventum
1006 1519 1119 1573 animae
1139 1518 1319 1584 sensitivae3

247 1605 322 1670 imo,
339 1611 421 1663 esset
436 1607 543 1679 potius
557 1608 766 1664 obstaculum.

282 1696 358 1748 Nam
382 1709 515 1764 regnum
528 1695 705 1766 vegetabile
720 1697 752 1750 et
773 1710 905 1764 regnum
926 1696 1061 1751 animale
1083 1695 1209 1750 diversa
1230 1695 1317 1770 sunt,

245 1783 291 1838 ita
307 1784 343 1838 ut
357 1797 454 1840 unum
469 1785 507 1840 ab
521 1785 622 1841 altero
644 1784 771 1840 recedat
784 1785 993 1855 proliciend0;
1011 1783 1094 1841 unde'
1112 1783 1226 1854 plantae
1248 1797 1318 1854 quae

245 1873 319 1927 sunt
342 1871 450 1929 aflines
474 1874 663 1930 animalibus
688 1871 807 1928 infimis
828 1887 890 1928 non
917 1875 991 1928 sunt
1006 1872 1243 1943 perfectissimas
1262 1872 1318 1929 sed

246 1960 440 2032 imperfectae
455 1963 549 2031 quim
565 1962 725 2018 maxime.-

264 2047 312 2108 ,31
325 2049 486 2105 Sententia
500 2050 644 2121 opposita
659 2051 824 2121 quemdam
839 2049 1129 2106 transformismum
1144 2049 1312 2120 importat,

166 2207 169 2212 Ι
244 2135 364 2206 utJam
385 2138 577 2201 dictumest.
1127 2157 1128 2162 ¹

279 2269 343 2326 759.
371 2272 503 2329 Anima
532 2257 723 2330 rationalis
748 2273 786 2328 in
818 2273 937 2338 locum
963 2273 1095 2330 animae
1126 2258 1316 2329 sensitiva?

148 2427 154 2444 ,
244 2360 434 2417 sufficitur.
452 2393 486 2402 —
501 2365 571 2418 Haee
586 2363 721 2419 secunda
735 2375 807 2432 pars
823 2362 868 2418 sie
887 2362 969 2418 forte
984 2362 1118 2418 suaderi·
1129 2362 1235 2433 potest
1248 2377 1256 2414 ε

284 2460 311 2513 l⁰
325 2459 409 2514 Lio‘et
422 2461 527 2516 anima
541 2461 704 2516 rationalis
720 2474 828 2516 omnes
842 2461 1000 2531 potentias
1014 2460 1079 2532 tarn
1093 2459 1206 2515 animae
1219 2473 1314 2529 vege-

244 2547 352 2604 tativae
376 2549 470 2626 quam
494 2549 608 2604 animae
632 2549 792 2604 sensitivae
817 2548 940 2614 babeat,
963 2549 1150 2609 nontamen
1173 2548 1212 2603 ad
1235 2547 1315 2604 istas

195 2643 196 2648 ’
243 2638 399 2705 potentias
420 2635 596 2703 ordinatur,
613 2639 665 2695 sed
690 2639 795 2710 potius
816 2639 886 2694 istae
909 2637 1068 2710 potentiae,
1091 2651 1161 2693 oum
1184 2649 1317 2707 corpore

243 2725 332 2794 quod.
349 2725 524 2791 vivificant,
544 2727 582 2782 ad
606 2727 707 2798 ipsam
733 2727 929 2784 ordinantur.
947 2727 1032 2784 Unde
1058 2740 1172 2796 eorpus
1195 2726 1316 2781 eonsti-

243 2815 355 2869 tuatur
369 2817 495 2885 oportet
509 2817 676 2884 antequam
690 2817 796 2870 anima
810 2816 975 2872 rationalis
994 2814 1122 2872 deforis
1135 2813 1294 2870 adveniat.

278 2902 456 2959 2⁰=Videtur
469 2905 551 2973 quod
567 2905 729 2975 generatio
744 2905 881 2960 humana
904 2905 1016 2961 debeat
1035 2918 1102 2960 esse
1126 2917 1188 2958 non
1209 2902 1315 2958 minus

243 2989 380 3060 perlecta
396 2993 489 3060 quam
508 2994 726 3062 generationes
751 2993 928 3058 inferiores,
947 2993 1131 3049 animalium
1155 2991 1207 3072 vel
1229 2991 1317 3062 plan·

241 3080 358 3141 tarum,
379 3081 548 3138 dummodo
564 3083 773 3153 spiritualitas
797 3085 910 3138 animae
934 3082 1084 3138 salvetur.
1102 3083 1199 3136 Porro
1217 3077 1314 3148 juxta

243 3169 431 3225 sententiam
457 3172 661 3241 propositam,
688 3173 848 3241 generatio
875 3171 1014 3226 humana
1039 3183 1101 3225 non
1130 3169 1179 3224 est
1207 3168 1314 3224 minus

242 3257 382 3329 perlecta
396 3258 490 3328 quam
512 3261 674 3328 generatio
697 3261 890 3328 animalium,
908 3259 940 3315 et
966 3258 1029 3314 ista
1053 3259 1185 3314 nonest
1209 3249 1314 3313 minus

242 3346 383 3418 perlecta
397 3346 490 3416 quam
506 3348 667 3418 generatio
686 3348 877 3418 plantarum.
1089 3359 1091 3364 ·
1252 3382 1254 3394 .

278 3436 309 3490 30
323 3436 414 3491 Ratio
426 3437 584 3508 praecipua
598 3438 646 3492 est
660 3437 780 3492 ordinis
803 3436 941 3492 moralis.
966 3439 1037 3491 Non
1059 3437 1107 3491 est
1126 3433 1315 3490 conveniens

244 3525 406 3595 sapientiae
421 3525 473 3580 Dei
490 3527 527 3580 ut
540 3526 625 3581 creet
639 3524 837 3582 animama
788 3525 837 3581 sta
838 3524 895 3582 tim
910 3539 949 3580 ao
958 3521 1219 3592 existitembryo
1223 3523 1255 3577 et
1270 3521 1317 3577 sio

244 3625 311 3667 eam
334 3613 442 3682 alliget
469 3613 596 3684 corpori
620 3613 751 3669 minimo
775 3615 807 3670 et
834 3613 998 3680 invisibili,
1027 3611 1110 3681 quod
1138 3625 1220 3681 saepe
1240 3610 1320 3678 ,taut

244 3700 340 3756 etiam
356 3701 540 3772 sepissime,
556 3704 593 3758 ut
613 3702 705 3758 aiunt
717 3702 835 3773 plures)
851 3701 1027 3759 destruitur
1040 3702 1208 3769 autequam
1228 3699 1319 3756 evol-

244 3791 341 3846 vatur
356 3791 389 3846 et
402 3789 471 3859 ejus
485 3791 656 3848 existentia
671 3791 814 3861 cognosci
828 3792 937 3861 possit.
1000 3801 1003 3846 ς
1104 3819 1107 3826 ⁴
1368 3802 1372 3807 ·
