2910 4568
340 403 439 448 eaeor
454 403 530 444 xuv.
547 419 580 430 -
595 401 641 444 rra
656 389 718 452 752,
734 391 797 452 753,
813 387 877 450 754,
892 386 954 439 755.
1150 385 1185 438 23

155 512 190 569 at
204 511 276 566 alihi
290 510 393 572 fusilis
408 512 548 569 eamdem
563 513 737 569 doctrinam
759 511 916 582 explicat:

155 619 332 689 Respondeo
351 619 516 675 dicendum
537 620 618 688 quod
637 619 762 687 quidam
779 617 953 689 posuerunt
966 615 1048 685 quod
1071 603 1183 670 animae
1252 671 1255 676 ,

123 689 317 746 intellectivae
333 691 453 747 accidat
468 691 553 746 uniri
566 691 703 760 corpori,
717 691 868 761 ponentes
881 695 947 744 eam
962 701 1029 742 esse
1044 685 1183 755 ejusdem

24 785 25 788 ¹
122 761 304 818 conditionis
329 776 400 816 cum
421 763 605 818 substantiis
630 760 849 832 spiritualibus
873 774 941 828 quae
969 758 1094 828 corpori
1122 771 1184 812 non

117 831 292 898 ‘uniuntur3
314 835 346 888 et
360 833 430 888 ideo
445 834 618 902 posuerunt
632 834 752 888 animas
768 831 929 886 hominum
956 830 1050 885 simul
1064 844 1083 884 a
1100 829 1183 897 prin·
1219 891 1224 904 ,

122 903 196 972 cipio
216 917 285 958 curn
306 905 423 972 angelis
436 906 567 960 creatas.
593 905 649 958 Sed
675 905 740 959 haec
764 903 868 972 opinio
890 903 969 956 falsa
989 903 1055 966 est3
1080 902 1184 970 primo

121 973 239 1039 quidem
255 976 408 1044 quantum
430 977 467 1030 ad
483 977 620 1030 radicem
637 992 644 1030 ε
663 976 690 1030 si
710 973 792 1030 enim
814 973 1048 1028 accidentaliter
1067 982 1183 1026 conve-

121 1044 198 1100 niret
212 1049 325 1102 animae
340 1048 463 1116 corpori
481 1047 576 1110 uniri,
588 1047 773 1116 sequeretur
786 1045 868 1112 quod
887 1045 990 1106 homo,
1003 1043 1057 1112 qui
1072 1057 1109 1098 ex
1122 1041 1185 1098 ista

121 1115 229 1176 unione
243 1118 460 1187 constituitur,
476 1120 557 1174 esset
572 1132 625 1174 ens
644 1133 701 1190 per
719 1116 876 1175 accidens:
903 1116 953 1171 vel
977 1114 1058 1183 quod
1078 1113 1184 1180 anima

120 1189 195 1242 esset
210 1187 327 1243 homo:
352 1190 434 1258 quod
458 1188 572 1244 falsum
588 1189 645 1253 est,
662 1194 698 1244 ut
720 1201 816 1258 supra
834 1187 994 1242 ostensum
1017 1186 1074 1242 est.
1094 1183 1183 1248 Quod

116 1257 208 1311 ¹etiam
224 1260 330 1312 anima
344 1259 482 1317 humana
502 1275 563 1314 non
587 1260 629 1314 sit
648 1261 785 1329 ejusdem
812 1259 933 1313 naturae
958 1267 1037 1311 cum·⁴
1053 1255 1181 1324 angelis,

119 1327 182 1396 ipse*
194 1329 340 1384 diversus
356 1331 465 1386 modus
485 1330 680 1400 intelligendi
694 1331 863 1386 ostendit...
879 1331 979 1384 Homo
994 1327 1075 1382 euim
1092 1325 1183 1381 intel-

117 1397 184 1468 ligit
210 1413 230 1454 a
257 1401 616 1470 sensibus'accipiendo,
638 1405 669 1456 et
692 1401 901 1457 convertendo
926 1413 959 1456 se
982 1398 1021 1454 ad
1035 1397 1182 1472 phantas-¹

119 1483 208 1535 mata,
285 1473 316 1526 et
338 1471 408 1528 ideo
433 1473 538 1528 anima
559 1473 628 1541 eJ'us
651 1473 771 1541 indiget
790 1472 875 1528 uniri
899 1469 1034 1539 corpori,
1060 1481 1121 1535 ouo
1135 1468 1183 1534 in·

24 1577 25 1580 ,
116 1528 196 1610 ¹diget
210 1541 251 1596 ad
267 1543 481 1610 operationem
506 1544 666 1600 sensitivae
685 1545 798 1614 partis;
820 1542 902 1610 quod
926 1543 964 1598 de
985 1541 1096 1608 angelo
1120 1535 1180 1594 dici

117 1625 173 1667 uon
194 1617 311 1684 potest.
337 1615 477 1669 Secundo
503 1616 633 1686 apparet
659 1615 779 1670 salsitas
805 1615 838 1668 in
862 1613 932 1684 ipsit
953 1612 1119 1684 positione.
1150 1611 1180 1664 Si

118 1684 194 1738 enim
219 1684 334 1738 animae
357 1687 501 1740 naturale
527 1688 575 1742 est
600 1687 725 1756 corpori
749 1685 844 1749 uniri,
869 1699 936 1740 esse
958 1685 1024 1739 sine
1050 1695 1180 1752 corpore

117 1760 160 1808 est
178 1755 236 1810 sibi
254 1759 365 1810 contra
384 1761 541 1821 naturam,
559 1758 590 1812 et
605 1758 671 1813 sine
692 1771 824 1827 corpore
848 1756 986 1811 existens
1006 1767 1067 1809 non
1088 1752 1181 1808 hahet

24 1881 25 1884 ,
118 1837 179 1881 suae
204 1830 331 1881 naturae
354 1827 590 1896 perfectionem.
620 1831 686 1884 Non
712 1829 775 1883 fuit
798 1828 903 1882 autem
931 1826 1119 1881 conveniens
1145 1824 1181 1878 ut

24 1901 25 1906 ’
117 1896 190 1952 Deus
205 1898 245 1952 ab
259 1898 455 1968 imperfectis
470 1912 658 1980 suumopus
674 1899 846 1963 inchoaret,
862 1901 894 1953 et
906 1897 945 1952 ab
959 1897 1007 1952 his
1023 1897 1180 1966 quaesunt

116 1969 226 2035 praeter
245 1971 412 2036 naturam3
438 1983 501 2026 non
526 1983 609 2024 emm
633 1970 708 2026 fecit
731 1969 889 2025 hominem
915 1968 982 2024 sine
998 1981 1102 2030 manu,
1123 1967 1180 2020 aut

116 2039 177 2092 siue
191 2039 281 2110 pede,
298 2054 366 2108 quae
386 2043 460 2096 sunt
482 2041 587 2111 partes
610 2042 770 2096 naturales
790 2039 941 2104 hominis;
959 2038 1057 2094 multo
1081 2035 1180 2105 igitur

117 2109 214 2166 minus
234 2111 313 2166 fecit
331 2111 467 2166 animam
483 2112 550 2168 siue
565 2126 696 2183 corpore
711 2113 759 2180 tl).

147 2227 292 2284 Occurrit
320 2241 403 2282 nunc
430 2228 562 2296 quaestio
594 2227 743 2291 incidens
770 2241 831 2281 non
859 2227 964 2282 umen
994 2225 1085 2296 parvi
1112 2237 1179 2281 mo-

24 2293 25 2310 ³
117 2315 227 2372 menti:

146 2439 206 2494 755.
231 2439 399 2498 Quonam
419 2446 601 2498 momento
628 2440 749 2496 anima
777 2439 918 2508 corpori
944 2437 1121 2492 uniatur?
1145 2445 1179 2478 -’-

24 2557 25 2608 i
116 2529 140 2580 S.
155 2528 291 2584 Thomas
311 2530 342 2584 et
356 2530 479 2585 veteres
494 2524 681 2594 scholastici,
699 2543 769 2584 cum
785 2528 962 2591 Aristotele,
978 2526 1177 2582 existimavess

24 2611 26 2660 ἶ
114 2617 183 2672 runt
201 2631 321 2688 corpus
336 2617 509 2673 humanum
531 2617 696 2672 informari
714 2615 853 2688 primum
869 2613 973 2670 anima
988 2615 1176 2684 vegetativos,

24 2721 25 2738 ³
114 2704 217 2762 deiude
236 2705 347 2762 anima
367 2706 527 2772 sensitiva,
548 2705 698 2776 corrupta
714 2708 830 2776 priore,
846 2705 971 2762 tandem
992 2701 1096 2758 anima
1117 2703 1179 2772 spi,-

24 2825 26 2834 ι
113 2794 225 2862 rituali,
243 2797 285 2852 de
304 2794 382 2851 ioris
397 2797 592 2860 adveniente,
614 2795 734 2851 scilicet
755 2809 774 2848 a
789 2797 848 2850 Deo
869 2791 982 2848 creata.
1000 2793 1096 2856 Quam
1112 2805 1179 2846 son-

113 2885 237 2940 tentiam
256 2885 305 2941 sio
316 2885 466 2956 proponit
483 2887 515 2940 S.
533 2885 588 2940 Th.
602 2886 767 2955 postquam
788 2881 895 2954 plures
910 2881 987 2936 alias
1003 2880 1176 2946 contrarias

113 2974 225 3054 optime
240 2973 421 3030 confutavit
436 2990 443 3028 ε
1020 2973 1022 2979 ’

144 3072 248 3140 Aliqui
274 3072 424 3128 dixerunt
448 3072 530 3142 quod
556 3071 753 3140 operationes
782 3071 856 3125 vitae
876 3083 945 3136 quaa
968 3071 1122 3139 apparent
1145 3066 1177 3121 in

114 3142 279 3212 emhryone
295 3157 356 3198 nou
374 3145 447 3198 suut
470 3143 507 3198 ab
528 3142 634 3197 anima
648 3143 727 3210 ejus,
743 3142 797 3197 sed
812 3141 850 3196 ah
869 3139 975 3196 animia
990 3138 1178 3202 matriavel

114 3215 263 3270 avirtute
287 3213 460 3270 formativd
481 3229 549 3282 quae
573 3215 621 3269 est
635 3214 668 3268 iu
691 3213 819 3268 semine.
842 3214 980 3275 Quorum
1007 3210 1177 3276 utrumque

113 3283 220 3340 salsum
236 3287 296 3341 est.
319 3288 417 3354 Opera
436 3286 518 3340 enim
544 3285 618 3340 vitae
643 3299 705 3339 nou
730 3285 861 3352 possunt
885 3297 952 3338 esse
978 3295 997 3335 a
1022 3279 1177 3350 principio

113 3355 298 3420 extrinsece,
315 3357 397 3411 sicut
412 3357 539 3417 sentire,
555 3355 673 3410 nutriri
689 3355 720 3409 et
733 3354 862 3423 augeri;
883 3355 915 3408 et
927 3352 996 3407 ideo
1012 3351 1177 3422 dicendum

113 3427 257 3495 eat-quod
274 3427 381 3482 anima
395 3427 570 3497 praeexistit
592 3427 625 3480 in
647 3426 824 3494 emhryone,
849 3439 868 3478 a
881 3422 1037 3494 principio
1052 3421 1175 3490 quidem

113 3499 275 3562 nutritiva,
301 3499 502 3568 postmodum
528 3501 632 3553 autem
649 3497 810 3561 sensitiva,
832 3499 863 3552 et
881 3495 1007 3550 tandem
1032 3492 1176 3548 intellec-

112 3565 181 3624 tiva.
199 3569 317 3642 Dicuut
331 3584 406 3638 ergo
422 3569 548 3641 quidam
571 3569 652 3635 quod
676 3583 773 3640 supra
794 3568 932 3622 animam
958 3564 1176 3644 vegetahilem,

112 3651 173 3704 quae
185 3643 293 3711 primo
312 3641 425 3706 iuerat,
442 3640 628 3715 supervenit
641 3640 702 3694 alia
717 3640 831 3708 anima,
848 3653 916 3708 quae
938 3638 987 3692 est
1007 3635 1177 3698 sensitiva3

139 3817 171 3878 o)
184 3817 265 3877 raia,
283 3833 312 3883 q.
331 3817 384 3874 ns,
403 3831 427 3865 a.
445 3816 469 3866 a.
