2910 4568
310 400 413 441 curor
428 399 480 439 nu.
496 415 529 423 -
544 393 590 438 rv⁰⁸
606 386 670 449 870,
685 385 748 448 871,
765 383 828 447 872,
844 384 907 447 873,
924 386 985 448 871,
1004 385 1066 438 875.
1190 389 1225 441 77

151 515 184 568 iu
199 509 400 566 intellectiva
413 509 517 579 parte.
536 511 566 565 Si
588 512 665 564 vero
689 509 726 564 de
750 509 872 565 ratione
897 510 1055 564 memoriae
1082 512 1124 566 sit
1143 514 1224 580 quod

151 585 222 653 eJus
242 583 403 650 objectum
431 581 472 635 sit
495 582 704 650 praeteritum,
728 583 765 636 ut
787 582 995 651 praeteritum,
1018 583 1170 638 memoria
1193 585 1225 639 in

151 659 243 726 parte
269 652 466 707 intellectiva
489 667 551 708 non
574 653 645 718 erit,
671 653 724 708 sed
748 653 900 708 sensitiva
922 653 1057 716 tantum,
1083 668 1151 721 quae
1177 658 1226 711 est

150 724 386 797 apprehensiva
408 724 661 794 particularium.
679 725 878 780 Praeteritum
901 725 994 786 euim,
1017 725 1053 778 ut
1078 727 1224 793 praeteri-

151 802 233 861 tum,
251 797 324 851 cum
341 795 496 864 significet
511 810 578 850 esse
593 796 649 850 sub
671 795 881 851 determinato
899 797 1050 866 tempore,
1067 795 1106 850 ad
1122 797 1225 852 eondi-

152 870 273 925 tionem
294 867 497 938 particularis
511 868 650 937 pertinet
663 869 712 936 (l).

187 992 252 1049 873.
271 992 389 1047 Ratio.
406 1023 439 1031 -
455 994 558 1060 Neque
572 992 654 1047 ratio
669 993 716 1046 est
730 990 863 1046 facultas
881 991 1010 1046 realiter
1024 991 1173 1048 distincta
1188 993 1225 1048 ab

151 1082 330 1146 intellecto,
346 1080 497 1150 quidquid
512 1080 629 1136 dixerit
644 1080 786 1135 Kantius.
804 1082 890 1144 Nam,
906 1081 941 1134 ut
955 1080 1000 1134 ait
1015 1078 1043 1134 S.
1061 1081 1134 1136 Th.:

188 1179 371 1247 Intelligere
393 1179 440 1233 est
460 1178 647 1247 simpliciter
672 1178 838 1233 veritatem
862 1171 1091 1244 intelligibilem
1118 1193 1227 1249 appre-

151 1252 306 1314 hendere;
324 1250 506 1304 ratiocinari
521 1253 626 1304 autem
643 1251 691 1304 est
701 1249 871 1318 procedere
886 1251 922 1304 de
938 1263 1000 1303 uno
1013 1249 1172 1306 intellecto
1188 1251 1226 1306 ad

151 1323 251 1387 aliud,
269 1322 308 1376 ad
323 1321 489 1375 veritatem
506 1320 735 1389 intelligibilem
750 1321 1028 1388 cognoscendam...
1046 1323 1135 1376 Patet
1152 1335 1226 1390 ergo

151 1394 235 1463 quod
257 1392 441 1447 ratiocinari
457 1398 659 1461 comparatur
677 1392 716 1446 ad
730 1391 917 1460 intelligere,
944 1392 1026 1446 sicut
1046 1394 1164 1446 moveri
1189 1393 1227 1450 ad

151 1466 326 1535 quiescere,
336 1463 386 1517 vel
401 1463 562 1530 acquirere
575 1463 613 1517 ad
628 1463 757 1526 habere;
769 1477 903 1530 quorum
916 1477 1011 1516 unum
1026 1467 1074 1517 est
1085 1464 1225 1532 perfecti,

150 1537 238 1591 aliud
263 1537 369 1589 autem
390 1533 577 1602 imperfecti.
596 1537 633 1588 Et
654 1535 726 1601 quia
749 1539 852 1588 motus
872 1547 995 1603 semper
1014 1533 1051 1587 ab
1071 1534 1224 1590 immobili

150 1607 298 1679 procedit
325 1607 357 1680 et
378 1606 416 1660 ad
443 1605 560 1674 aliquid
585 1605 725 1672 quietum
749 1605 952 1668 terminatur,
975 1605 1047 1660 inde
1071 1607 1224 1674 estquod

150 1677 354 1734 ratiocinatio
370 1677 508 1730 humana
527 1675 697 1730 secundum
712 1675 797 1730 viam
816 1676 1030 1742 inquisitionis
1046 1677 1095 1731 vel
1110 1677 1224 1732 inven-

151 1751 250 1805 tionis
266 1748 409 1818 procedit
425 1761 443 1801 a
457 1747 642 1814 quibusdam
665 1746 851 1816 simpliciter
864 1747 1042 1811 intellectis,
1066 1751 1225 1814 quaesunt

151 1822 259 1890 prima
273 1819 447 1889 principia;
471 1820 502 1872 et
516 1833 628 1873 rursus
643 1818 676 1872 in
691 1817 744 1872 via
757 1818 870 1886 jndioii
891 1819 1076 1873 resolvendo
1089 1819 1172 1874 redit
1185 1821 1222 1873 ad

150 1893 258 1962 prima
280 1889 447 1960 principia,
470 1890 508 1944 ad
531 1903 598 1957 quae
613 1890 743 1944 inventa
763 1890 932 1944 examinat.
955 1891 1156 1944 Manifestum
1176 1895 1224 1945 est

150 1965 260 2018 autem
276 1961 358 2028 quod
377 1961 534 2028 quiescere
553 1963 585 2015 et
599 1961 720 2016 moveri
740 1975 801 2016 non
820 1961 1015 2016 reducuntur
1030 1961 1067 2014 ad
1084 1961 1224 2016 diversas

149 2033 325 2104 potentias,
356 2032 408 2087 sed
430 2032 468 2085 ad
493 2046 587 2086 unam
612 2033 643 2086 et
671 2033 811 2086 eamdem
841 2033 935 2087 etiam
965 2033 997 2086 in
1027 2032 1223 2087 naturalibus

150 2105 263 2170 rebus;
281 2104 357 2171 quia
370 2117 426 2171 per
443 2102 582 2157 eamdem
598 2103 744 2157 naturam
760 2103 878 2171 aliquid
893 2107 1039 2158 movetur
1062 2103 1099 2156 ad
1120 2104 1223 2158 locum

150 2180 183 2230 et
204 2175 341 2243 quiescit
359 2175 391 2227 in
407 2173 484 2228 loco.
505 2175 602 2228 Multo
617 2188 690 2242 ergo
711 2175 809 2241 magis
824 2189 881 2244 per
896 2175 1034 2228 eamdem
1050 2175 1223 2244 potentiam

149 2247 362 2314 intelligimus
386 2247 418 2300 et
440 2245 676 2300 ratiocinamur.
701 2247 737 2300 Et
766 2245 810 2300 sic
831 2246 918 2314 patet
940 2247 1020 2312 quod
1044 2247 1076 2299 in
1098 2245 1224 2300 homine

148 2317 262 2379 eadem
281 2316 423 2386 potentia
438 2324 486 2370 est
501 2316 582 2370 ratio
598 2318 629 2370 et
643 2317 821 2371 intellectus
836 2315 887 2386 (8).

185 2432 251 2486 874.
278 2431 385 2486 Ratio
408 2431 573 2501 superior
594 2435 632 2486 et
653 2430 822 2498 inieri0r;
852 2431 946 2485 ratio
969 2429 1168 2485 theoretica
1189 2435 1226 2485 et

145 2520 317 2593 practica
336 2521 384 2589 (3).
409 2549 442 2560 -
464 2521 586 2574 Pariter
605 2519 687 2576 ratio
703 2520 848 2588 superior
867 2533 928 2574 non
945 2519 1050 2574 differt
1066 2519 1227 2573 realitera

147 2608 276 2662 ratione
302 2608 460 2670 inferiori,
490 2609 522 2663 et
542 2609 624 2664 ratio
646 2609 819 2663 theoretica
840 2623 902 2662 non
930 2608 1034 2662 differt
1057 2622 1076 2662 a
1104 2607 1226 2662 ratione

147 2697 313 2767 practica;
344 2711 415 2751 nam
444 2697 600 2766 objectum
635 2697 769 2752 rationis
798 2697 845 2752 est
883 2711 1006 2766 semper
1035 2696 1225 2752 universale.

147 2785 276 2841 Accidit
291 2786 373 2840 enim
389 2785 504 2839 rationi
519 2785 557 2840 ad
571 2786 721 2840 veritates
739 2787 891 2840 maximas
903 2787 953 2840 vel
969 2785 1115 2839 minimas
1128 2786 1228 2840 atten-

147 2865 238 2942 dere,
255 2875 424 2949 veritatem
447 2874 583 2941 aliquam
605 2874 760 2943 speculari
775 2874 826 2929 vel
841 2889 907 2929 eam
924 2875 1072 2929 ordinare
1092 2874 1130 2927 ad
1151 2888 1227 2944 pra-

148 2955 231 3018 r'rim.
246 2964 285 3018 Et
306 2964 375 3018 idco
390 2963 544 3018 transitus
564 2961 601 3016 fit
620 2963 773 3030 gradatim
795 2963 831 3018 de
852 2963 1066 3032 superioribus
1086 2963 1124 3017 ad
1144 2963 1226 3017 infe-

145 3053 239 3108 riora
255 3054 287 3107 et
301 3052 459 3116 vicissim;
476 3051 550 3106 item
568 3051 669 3106 omnis
685 3051 802 3106 veritas
815 3053 1008 3122 speculativa
1021 3052 1069 3106 est
1086 3051 1141 3105 aut
1156 3050 1224 3106 fieri

146 3142 259 3214 potest
279 3141 351 3211 plus
371 3141 514 3195 minusve
529 3140 677 3211 practica.

187 3231 317 3284 Erravit
336 3244 410 3298 ergo
424 3229 556 3284 Kantius
571 3229 624 3296 qui
641 3228 794 3284 rationem
805 3229 975 3298 practicam
992 3228 1108 3283 rationi
1120 3242 1213 3297 specu

146 3317 259 3374 lativae
274 3318 319 3372 ita
334 3317 482 3388 opposuit
502 3319 537 3372 ut
552 3317 597 3372 illi
611 3317 669 3372 soli
684 3316 905 3371 certitudinem
920 3317 1080 3373 tribuerit.

188 3443 253 3497 875.
272 3441 511 3496 Conscientia.
528 3471 561 3480 —
578 3440 712 3496 Tandem
735 3441 925 3497 conscientia
946 3440 1140 3496 intellectiva
1161 3454 1223 3495 non

148 3532 260 3587 differt
276 3531 406 3586 realiter
426 3529 464 3584 ab
484 3531 552 3600 ipso
568 3529 740 3593 intellectu,
757 3531 809 3585 sed
826 3531 874 3586 est
898 3530 1003 3601 potius
1028 3531 1116 3585 actus
1131 3529 1226 3584 intel-

183 3680 272 3739 (illa,
289 3695 315 3743 q.
330 3679 370 3736 79,
387 3695 411 3730 a.
427 3679 450 3728 6.

182 3745 217 3797 121
234 3744 271 3798 la,
288 3759 314 3798 q.
330 3741 369 3794 79,
386 3757 409 3790 a.
427 3741 451 3790 8.

180 3810 216 3866 (tir
236 3807 276 3856 Cf.
294 3805 320 3853 S.
337 3805 396 3859 Th..
418 3819 447 3866 q.
465 3803 504 3859 79,
524 3804 612 3852 acer
628 3805 668 3855 ll.
