2910 4568
238 331 274 385 90
522 357 524 363 v
669 348 885 391 rsrcnonoora

237 459 387 522 nationis,
413 459 483 514 chm
509 460 551 514 sit
574 461 786 528 particularis,
812 461 977 528 regulatur
999 460 1037 514 ab
1062 461 1313 530 apprehensione

237 529 382 605 rationis
397 543 465 596 quae
481 533 530 584 est
553 531 792 596 universalis...;
810 533 842 586 et
864 533 934 586 ideo
959 545 999 588 ex
1024 531 1085 587 ista
1108 539 1199 601 parte
1223 533 1313 588 actus

238 600 397 670 appetitis
413 602 556 656 sensitivi
571 602 711 670 subjacet
729 603 861 672 imperio
879 603 1026 658 rationis.
1046 602 1184 666 Qualitas
1204 606 1312 658 autem

239 672 271 726 et
286 671 450 742 dispositio
465 674 605 743 corporis
629 687 690 728 non
712 673 852 740 subJ'acet
875 675 1008 745 imperio
1023 675 1155 729 rationis
1168 691 1175 738 ;
1195 678 1228 730 et
1241 675 1312 729 ideo

240 757 279 797 ex
295 743 352 798 hac
388 745 456 796 arte
480 745 653 815 impeditur
668 745 743 812 quin
764 746 868 800 motus
892 745 1036 800 sensitivi
1052 745 1211 815 appetitas
1225 746 1312 801 tota-

241 813 316 868 liter
331 759 484 869 sussdatur
503 816 636 886 imperio
656 816 800 870 rationis.
811 817 970 886 Contingit
985 819 1088 872 autem
1104 817 1199 871 etiam
1217 831 1313 883 quan·

241 885 341 952 doque
357 885 438 952 qubd
464 887 567 941 motus
589 886 748 957 appetitus
773 888 916 943 sensitivi
941 888 1045 943 subitb
1074 887 1252 942 concitatur
1274 888 1312 942 ad

240 955 520 1025 apprehensionem
536 958 780 1026 imaginationis,
797 959 847 1013 vel
863 959 987 1023 sensum
1002 962 1033 1015 et
1048 960 1122 1013 tunc
1137 959 1191 1013 ille
1207 960 1312 1013 motus

241 1029 290 1082 est
309 1029 424 1095 praeter
438 1029 606 1098 imperium
628 1030 770 1094 rationis,
794 1031 937 1098 quamvis
953 1031 1108 1100 potuisset
1124 1029 1275 1098 impediri
1295 1044 1314 1084 a

239 1098 372 1162 ratione,
390 1099 416 1152 si
431 1101 638 1169 praevidisset.
652 1100 737 1156 Unde
751 1101 959 1172 Philosophus
974 1102 1087 1156 dicit...
1104 1102 1185 1168 qubd
1203 1120 1217 1150 «
1229 1100 1313 1156 ratio

239 1171 354 1239 praeest
368 1170 518 1225 irascibili
541 1175 572 1226 et
594 1172 828 1242 concupiscibili
851 1187 911 1226 non
937 1173 1117 1242 principatu
1139 1173 1313 1241 despotioo,

240 1241 293 1306 qui
313 1243 362 1295 est
377 1241 494 1314 domini
510 1243 549 1297 ad
564 1257 702 1305 servum,
718 1243 770 1298 sed
786 1243 964 1314 principatu
988 1245 1114 1312 politico
1130 1246 1186 1298 aut
1201 1243 1312 1312 regali,

240 1311 293 1378 qui
309 1313 357 1368 est
376 1313 414 1368 ad
434 1313 558 1378 liberos,
573 1314 626 1382 qui
646 1328 708 1369 non
723 1315 865 1370 totaliter
881 1315 1060 1370 subduntur
1079 1314 1242 1384 imperio»
1262 1313 1312 1384 (l).

275 1445 337 1499 902.
356 1447 481 1502 Passio
496 1452 534 1502 et
548 1449 724 1504 meritum.
742 1451 876 1503 -Nune
896 1449 1034 1503 occurrit
1048 1448 1180 1517 quaestio
1205 1448 1313 1516 magni

239 1536 390 1590 momenti
417 1536 449 1590 in
467 1537 659 1593 moralibus:
684 1539 796 1593 Utrhm
818 1537 973 1608 passionis
1003 1539 1105 1592 motus
1122 1537 1245 1591 minuat
1260 1536 1313 1591 vel

240 1629 354 1691 augeat
380 1625 527 1680 meritum
561 1627 612 1680 vel
641 1626 840 1689 demeritum,
871 1626 1041 1681 bonitatem
1075 1626 1125 1679 vel
1155 1624 1312 1679 malitiam

240 1709 351 1766 aoths'l
371 1713 419 1768 Sic
434 1715 603 1784 respondet
617 1716 645 1768 S·
666 1714 721 1769 Th.
739 1732 746 1770 :

278 1811 382 1874 Stoici,
396 1813 478 1867 sieut
488 1813 644 1882 ponebant
654 1827 775 1868 omnem
789 1813 965 1882 passionem
979 1813 1091 1866 animae
1107 1826 1174 1866 esse
1185 1812 1312 1874 malam,

241 1887 287 1941 ita
301 1883 459 1953 ponebant
482 1885 708 1952 consequenter
731 1899 854 1938 omnem
878 1885 1053 1953 passionem
1078 1884 1191 1937 animae
1216 1882 1314 1936 dimi-

242 1969 339 2012 nuere
354 1955 442 2009 actus
462 1953 654 2020 bonitatem3
680 1969 770 2010 omne
795 1955 877 2010 enim
898 1956 1012 2010 bonum
1039 1969 1079 2008 ex
1100 1953 1314 2023 permixtione

244 2026 317 2083 mali
336 2027 386 2080 vel
400 2025 544 2080 totaliter
562 2027 696 2091 tollitur,
716 2027 764 2080 vel
780 2027 816 2080 iit
834 2027 939 2082 minias
956 2027 1087 2081 bonum.
1108 2028 1145 2079 Et
1159 2023 1218 2079 hoe
1237 2025 1314 2089 qui-

242 2099 311 2154 dem
326 2111 435 2152 verum
452 2099 510 2160 est,
526 2097 552 2152 si
568 2098 708 2152 dieamus
728 2098 887 2166 passiones
906 2097 1018 2152 animae
1034 2096 1135 2152 solhm
1151 2095 1316 2150 inordina-

240 2173 290 2226 tos
307 2171 410 2223 motus
434 2169 577 2223 sensitivi
593 2169 761 2239 appetitus,
778 2171 873 2238 prout
895 2172 968 2222 sunt
984 2167 1236 2238 perturbationes
1258 2181 1314 2222 seu

173 2279 176 2287 -
240 2241 452 2310 aegritudines.
470 2241 525 2294 Sed
543 2241 568 2295 si
591 2242 751 2308 passiones
775 2240 963 2310 simpliciter
984 2239 1182 2294 nominemus
1204 2251 1314 2292 omnes

241 2314 344 2368 motus
359 2311 518 2380 appetitus
535 2313 688 2376 sensitivi,
706 2313 750 2366 sic
774 2312 812 2366 ad
836 2311 1059 2380 perlectionem
1083 2309 1213 2364 humani
1239 2308 1313 2363 boni

240 2383 376 2453 pertinet
390 2383 472 2450 qubd
488 2383 581 2437 etiam
599 2385 674 2454 ipsae
690 2383 851 2454 passiones
872 2382 936 2437 sint
951 2381 1117 2442 moderatae
1133 2394 1190 2450 per
1209 2380 1314 2434 ratio-

241 2469 322 2510 nem.
337 2455 410 2508 Obm
428 2455 510 2508 enim
534 2455 648 2508 bonum
670 2454 806 2508 hominis
824 2454 975 2508 consistat
995 2452 1166 2507 iuratione
1183 2451 1313 2506 sicutin

239 2525 354 2588 radice,
378 2525 466 2578 tantb
490 2525 574 2579 istud
598 2525 712 2579 bonum
736 2525 797 2579 erit
822 2523 1002 2594 perfectius,
1020 2525 1137 2591 quanto
1158 2523 1196 2578 ad
1220 2522 1316 2594 plura

240 2611 309 2665 quae
325 2595 443 2650 homini
463 2597 655 2650 conveniunt
676 2596 814 2651 derivari
829 2598 942 2664 potest.
959 2595 1045 2650 Unde
1069 2595 1176 2649 nullus
1192 2594 1316 2648 dubitat

240 2668 315 2734 quin
335 2667 373 2721 ad
388 2665 612 2736 perfectionem
630 2668 757 2722 moralis
773 2667 846 2721 boni
861 2667 1018 2737 pertineat
1032 2666 1112 2734 qudd
1129 2665 1217 2720 actus
1228 2665 1314 2719 exte-

240 2739 361 2794 riorum
379 2737 590 2792 membrorum
612 2752 667 2806 per
687 2739 820 2793 rationis
843 2738 984 2806 regulam
1007 2737 1195 2805 dirigantur.
1217 2736 1313 2802 Unde,

241 2809 312 2862 enm
330 2810 489 2878 appetitus
503 2809 673 2864 sensitivus
692 2810 793 2879 possit
808 2808 934 2865 obedire
948 2809 1073 2872 rationi,
1091 2809 1126 2862 ut
1141 2820 1238 2876 supra
1253 2807 1315 2862 dic-

241 2881 310 2935 tum
326 2883 425 2942 est...,
446 2880 485 2934 ad
508 2881 732 2950 perlectionem
758 2881 885 2935 moralis
910 2881 977 2934 sive
997 2879 1126 2934 humani
1146 2877 1219 2933 boni
1240 2892 1315 2948 per-

241 2951 322 3005 tinet
336 2951 418 3018 qubd
433 2951 527 3005 etiam
542 2952 617 3023 ipsae
632 2954 791 3022 passiones
806 2953 918 3006 animae
934 2950 998 3006 sint
1011 2951 1161 3019 regulatae
1180 2963 1239 3018 per
1257 2963 1313 3003 ra-

241 3022 369 3076 tionem.
386 3022 472 3077 Sicut
486 3022 586 3090 igitur
601 3024 714 3078 melius
729 3025 775 3078 est
790 3023 871 3090 qubd
886 3022 979 3077 homo
999 3024 1031 3077 et
1045 3021 1124 3076 velit
1140 3020 1257 3074 bonurn
1282 3021 1315 3074 et

241 3091 337 3148 faciat
351 3093 501 3148 exteriori
524 3098 605 3156 actu,
622 3095 668 3149 ita
682 3095 777 3149 etiam
798 3093 835 3148 ad
855 3093 1079 3164 perlectionem
1095 3090 1167 3147 boni
1184 3090 1314 3145 moralis

239 3164 473 3234 pertinetqubd
491 3165 584 3220 homo
606 3166 644 3220 ad
664 3166 778 3220 bonum
805 3166 971 3219 moveatur
992 3178 1054 3220 non
1079 3163 1180 3218 solum
1199 3175 1314 3216 secun-

240 3236 314 3290 dum
323 3236 530 3301 voluntatem,
543 3237 595 3292 sed
608 3237 702 3291 etiam
716 3236 886 3292 seeundum
898 3236 1073 3306 appetitum
1088 3233 1312 3290 sensitivam...

240 3307 366 3376 (Deinde
382 3306 483 3362 subdit
495 3308 533 3362 ad
548 3308 721 3378 primumi)

276 3378 437 3433 Passiones
458 3379 570 3433 animae
590 3379 758 3448 dupliciter
777 3393 809 3433 se
824 3378 956 3448 possunt
971 3376 1084 3432 habere
1104 3375 1312 3442 adjudicium

240 3449 373 3504 rationis
397 3466 403 3503 :
430 3464 491 3504 uno
513 3450 603 3504 modo
628 3450 863 3514 antecedenter;
889 3451 920 3504 et
946 3448 1000 3513 sic,
1028 3447 1098 3502 eum
1128 3445 1316 3501 obnubilent

236 3519 393 3588 jndicium
405 3519 548 3584 rationis,
566 3536 604 3575 ex
619 3534 679 3588 quo
695 3521 849 3593 dependet
864 3521 987 3575 bonitas
1004 3517 1132 3574 moralis
1147 3517 1248 3580 actus,
1266 3517 1316 3571 di·

241 3590 389 3646 minuunt
416 3591 504 3646 actds
534 3592 716 3647 bonitatem.
747 3591 947 3648 laudabilius
978 3590 1060 3646 enim
1090 3590 1138 3646 est
1165 3587 1249 3657 quod
1276 3602 1316 3643 ex

272 3771 308 3832 (1)
326 3768 361 3827 1³,
379 3767 425 3827 2⁰,
443 3784 468 3832 q.
489 3770 527 3829 li,
541 3786 564 3819 a.
578 3769 600 3820 7.
