2910 4568
253 383 288 439 48
682 399 898 443 esrouonoom
950 409 952 414 ¹

254 512 452 583 recipiuntur
474 513 508 566 in
536 511 641 566 anima
660 515 814 581 quatenus
828 514 934 570 anima
953 516 1001 571 est
1023 517 1057 571 in
1079 516 1220 586 potentia
1241 520 1273 576 et
1289 523 1327 577 ab

254 602 299 657 eis
318 600 554 658 accidentaliter
564 599 729 672 perficitur
744 602 794 674 (l).

288 727 353 782 800.
371 727 851 799 Potentiorumsubjeotum.
863 758 899 770 -
918 729 1029 785 Anima
1041 729 1142 799 igitur
1159 733 1325 804 estpotcn-

252 817 369 872 tiarum
389 815 575 884 subjectum,
592 815 645 872 sed
660 818 752 872 aliter
767 819 861 886 atque
876 819 970 875 aliter
982 833 1040 891 pro
1055 820 1189 877 diversis
1209 824 1326 892 poten-

252 906 316 961 tiis.
332 906 409 960 Aliae
425 905 507 960 enim
523 906 682 978 potentiae,
699 907 736 962 ut
749 907 899 972 vidimus,
916 908 992 964 sunt
1006 908 1197 978 inorganicae
1215 927 1222 966 :
1239 913 1324 970 unde

253 995 370 1048 suut-in
390 993 496 1048 animi
510 993 593 1059 solt3
610 994 679 1050 aliae
701 996 807 1051 autem
830 997 996 1064 organicae,
1013 998 1084 1052 cum
1104 999 1193 1054 actus
1211 1014 1322 1056 earum

251 1097 307 1152 per
322 1097 439 1152 organa
463 1085 694 1149 exerceantur:
711 1084 792 1139 unde
816 1085 1017 1155 recipiuntur
1031 1086 1065 1140 in
1087 1089 1261 1158 composito
1282 1104 1322 1145 ex

251 1171 356 1228 anima
375 1173 406 1226 et
421 1186 560 1242 corpore,
578 1173 696 1229 scillcet
710 1173 743 1226 in
755 1174 891 1243 organis.

285 1293 350 1346 801.
372 1288 554 1346 Quomodo
577 1289 750 1358 potentiae
773 1295 971 1360 supersunt
998 1296 1081 1361 post
1104 1296 1269 1348 mortem.
1286 1323 1322 1336 -
1346 1273 1351 1282 ’

251 1380 327 1434 ilino
351 1379 495 1433 videmus
519 1379 674 1446 quomodo
699 1379 849 1448 potentiae
873 1380 1042 1448 supersunt
1067 1381 1140 1451 post
1166 1383 1316 1445 mortem.

249 1469 399 1523 Potentiae
423 1467 624 1522 intellectivae
647 1471 811 1522 remanent
826 1467 1003 1523 formaliter
1018 1483 1087 1524 cum
1113 1469 1181 1539 ipsit
1201 1471 1319 1536 anima,

249 1557 281 1610 in
297 1557 358 1624 quia
373 1555 440 1610 solt
463 1556 678 1624 recipiuntur;
695 1557 843 1625 potentiae
868 1558 971 1611 aulem
996 1558 1151 1626 organicae
1171 1559 1239 1628 J'am
1255 1575 1319 1618 non

248 1646 413 1700 remanent
428 1644 612 1708 formaliter,
626 1646 784 1714 corruptis
800 1645 935 1714 organis,
949 1645 1001 1700 sed
1018 1647 1118 1701 solum
1134 1647 1319 1704 virtualiter

248 1734 348 1788 souin
364 1733 478 1788 radice.
500 1733 545 1788 Ad
560 1747 626 1787 rem
638 1734 665 1790 S,
682 1733 735 1787 Th.
753 1750 759 1787 :

284 1831 429 1894 Quaedam
454 1831 602 1900 potentiae
617 1833 841 1899 comparantur
854 1832 892 1885 ad
908 1831 1044 1886 animam
1065 1832 1162 1887 solam
1180 1834 1262 1888 sicut
1277 1837 1316 1890 ad

248 1902 434 1970 subjectum,
452 1905 488 1956 ut
503 1900 681 1956 intellectus
697 1905 728 1956 et
742 1903 908 1964 voluntas;
925 1905 957 1957 et
972 1903 1154 1972 hujusmodi
1166 1907 1316 1972 potentiae

247 1987 370 2028 necesse
390 1974 438 2026 est
452 1973 534 2040 quod
548 1974 694 2027 maneant
708 1974 740 2027 in
755 1973 870 2036 animia,
891 1987 1022 2043 corpore
1037 1975 1207 2030 destructo.
1229 1978 1315 2040 Quae-

247 2043 317 2096 dam
330 2047 405 2098 vero
425 2044 572 2113 potentiae
588 2045 663 2098 sunt
681 2045 712 2098 in
732 2044 900 2112 conjuncto
917 2046 996 2100 sicut
1013 2046 1044 2098 in
1064 2045 1215 2114 subjecte,
1232 2048 1316 2102 siout

246 2129 354 2170 omnes
382 2115 530 2184 potentiae
560 2115 719 2170 sensitivae
751 2116 851 2185 partis
880 2117 911 2171 et
944 2117 1117 2188 nutritivae.
1147 2120 1313 2173 Destructo

246 2187 352 2240 autem
375 2186 525 2253 subjecto,
546 2201 607 2241 non
629 2187 734 2256 potest
757 2187 899 2241 accidens
923 2201 1095 2255 remanere.
1123 2189 1221 2252 Unde,
1243 2203 1315 2257 corf

244 2257 339 2326 rupto
355 2256 532 2323 conjuncto,
550 2272 611 2312 non
636 2259 764 2320 manent
788 2257 970 2326 hujusmodi
991 2259 1140 2328 potentiae
1159 2261 1242 2324 actu,
1258 2261 1312 2316 sed

243 2328 363 2383 virtute
383 2329 506 2383 tanturn
528 2331 656 2384 manent
679 2329 711 2382 in
733 2329 848 2392 anima,
869 2329 952 2384 siout
966 2330 999 2383 in
1026 2331 1179 2400 principio
1195 2331 1246 2386 vel
1261 2347 1313 2386 ra-

243 2399 323 2454 dice.
344 2401 381 2452 ut
396 2400 440 2453 sic
455 2399 568 2454 falsum
585 2400 724 2468 estquod
735 2400 860 2466 quidam
877 2400 996 2464 dicunt,
1010 2399 1312 2473 hujusmodipoten-

242 2471 358 2525 tentias
374 2471 406 2524 in
421 2470 527 2524 anima
540 2485 714 2535 remanere,
731 2471 825 2524 etiarn
841 2485 971 2542 corpore
984 2473 1147 2541 corrupt03
1164 2474 1196 2526 et
1210 2474 1311 2545 multo

242 2541 353 2596 salsius
369 2542 450 2608 quod
475 2542 593 2602 dicunt,
610 2542 704 2596 etiam
730 2544 818 2596 actus
839 2543 951 2596 harum
973 2544 1185 2610 potentiarum
1201 2558 1311 2598 rema-

242 2626 316 2666 nere
340 2613 371 2666 in
396 2611 501 2666 animia
516 2613 673 2682 separatt3
697 2613 770 2680 quia
790 2613 900 2667 talium
920 2614 1133 2683 potentiarum
1154 2614 1242 2668 nulla
1261 2617 1310 2670 est

212 2697 214 2703 ·
242 2683 324 2737 actio
337 2683 398 2736 nisi
413 2697 469 2752 per
483 2697 636 2751 organum
657 2698 842 2754 corporeum
863 2685 909 2752 (2).

277 2807 340 2864 802.
370 2807 618 2863 Potentiorum
650 2809 847 2864 divisiones
875 2809 1069 2879 praecipuae
1098 2825 1104 2862 :
1134 2810 1308 2879 potentiae

241 2897 384 2958 activae,
409 2897 579 2966 passivae.
600 2929 633 2936 —
656 2899 696 2952 Ut
719 2898 867 2961 diximus,
894 2898 1044 2969 potentiae
1066 2897 1308 2972 distinguuntur

241 2988 399 3054 peractus
416 2987 446 3040 et
468 2987 598 3054 objecta.
625 2989 731 3050 Perre,
754 2987 874 3042 ratione
895 2987 1020 3055 objecti,
1039 2987 1189 3056 potentiae
1204 2988 1307 3056 primo

240 3074 427 3130 dividuntur
446 3075 478 3128 in
494 3073 613 3128 actious
629 3076 660 3130 et
673 3074 826 3146 passivos,
842 3079 938 3146 prout
953 3077 1109 3144 objectum
1129 3077 1176 3130 est
1197 3077 1307 3131 termi-

241 3179 300 3218 nus
321 3165 372 3218 vel
394 3163 584 3233 principium
611 3165 741 3219 actionis
769 3179 887 3219 earum.
922 3167 999 3219 Sane
1027 3178 1133 3219 omnes
1159 3165 1307 3233 potentiae

240 3254 314 3307 sunt
329 3254 439 3308 activae
454 3255 608 3320 quatenus
631 3255 764 3324 possunt
786 3267 897 3320 agere;
919 3254 972 3308 sed
996 3253 1065 3307 aliae
1086 3254 1160 3307 sunt
1179 3254 1307 3321 agentes

239 3345 270 3397 et
283 3343 352 3396 aliae
368 3342 519 3412 patientes
534 3343 678 3412 respectu
694 3343 743 3398 sui
757 3341 880 3408 objecti.
898 3343 983 3396 lnter
997 3341 1153 3410 potentias
1164 3343 1308 3411 passivas

242 3431 448 3486 numerantur
464 3449 470 3482 :
488 3446 597 3486 sensus
613 3431 736 3486 externi
761 3431 941 3507 ettinterni,
967 3420 1147 3485 'intellectus
1162 3428 1285 3501 patiens
1299 3448 1306 3496 ;

238 3521 322 3575 inter
337 3521 494 3590 potentias
519 3521 637 3575 activas
654 3522 757 3575 autem
776 3537 782 3572 :
804 3512 983 3574 intellectus
1005 3533 1110 3587 agens,
1134 3520 1307 3590 appetituS,

240 3609 386 3678 potentiae
403 3609 550 3663 matrices
565 3610 596 3662 et
612 3609 804 3676 vegetativae.

269 3757 644 3821 mmsmamao

270 3820 304 3882 o)
317 3821 352 3882 10,
369 3838 394 3886 q.
412 3821 452 3879 vv,
469 3838 492 3870 a.
511 3821 534 3869 a.
