2828 4550
201 393 253 450 132
626 407 843 450 rsrcnonoera

199 517 295 573 salem
317 519 475 589 exprimat
495 530 625 586 eamque
645 517 678 574 in
693 519 828 575 mentem
849 519 982 576 alterius
996 520 1139 588 ingerere
1157 518 1272 590 possit,

199 608 236 663 ut
248 607 408 664 ostensum
425 609 473 663 est
496 608 529 662 in
551 607 661 676 logica.
678 608 834 664 Animalia
852 598 969 672 autem,
996 609 1089 663 etiam
1107 605 1273 678 perfectis·

199 696 289 761 sima,
303 695 513 765 intelligentie
533 696 660 767 proprie
680 695 764 752 dictd
789 710 825 752 ac
849 696 981 767 proinde
1006 695 1084 751 ideis
1106 696 1271 751 universa-

198 784 280 840 libus
294 785 380 840 nullo
396 784 488 840 modo
503 785 682 855 potiuntur.

232 912 295 968 998.
317 910 505 967 Sententia
518 910 776 966 traditionalis.
797 940 832 952 -
852 913 1002 983 Superest
1022 910 1177 966 sententia
1199 909 1272 965 tra·

197 1000 358 1056 ditionalis
371 999 408 1055 de
423 999 577 1056 sermonis
593 1000 724 1070 origine.
737 1001 826 1056 Teste
838 1000 1019 1066 traditione,
1035 999 1157 1069 primus
1172 997 1273 1054 homo

197 1088 340 1144 conditus
356 1088 403 1144 est
417 1087 450 1142 in
464 1087 647 1157 integritate
662 1088 695 1144 et
708 1087 902 1160 perfectione
917 1101 982 1144 suae
993 1087 1273 1155 latumiaeque

197 1191 259 1232 non
274 1177 341 1232 sine
356 1177 506 1234 facultate
520 1177 668 1248 loquendi
682 1176 864 1233 immediati
879 1177 910 1232 et
924 1175 1080 1247 expedita,
1096 1175 1163 1232 sive
1185 1176 1273 1233 Deus

195 1266 224 1320 ci
243 1265 397 1322 infuderit
417 1265 558 1322 habitum
580 1265 759 1332 locutionis,
787 1267 855 1322 sive
871 1266 900 1322 ei
930 1265 1113 1322 facultatem
1143 1264 1272 1322 dederit

196 1368 372 1410 sermonem
395 1353 502 1410 statim
518 1355 654 1419 creandi,
670 1357 767 1425 prout
777 1355 1031 1414 *circumstantiae
1045 1353 1202 1410 ferebant.

232 1444 302 1499 Haec
317 1443 473 1500 sententia
487 1443 616 1499 videtur
630 1444 718 1500 certa
732 1445 828 1500 etiam
843 1443 1068 1516 philosophice.
1085 1445 1172 1506 Nam,
1190 1444 1264 1500 oiim

194 1532 291 1603 primi
306 1531 459 1596 homines,
477 1531 562 1586 omni
576 1532 746 1588 traditione
762 1533 918 1597 destituti,
934 1533 1032 1588 vitam
1048 1532 1154 1588 tamen
1168 1532 1268 1590 ratio-

194 1621 309 1684 nalem,
325 1619 488 1676 honestam
504 1622 536 1675 et
555 1621 701 1677 socialem
721 1636 814 1690 agere
834 1621 992 1685 deberent,
1008 1619 1174 1691 oportebat
1188 1623 1225 1677 ut
1247 1637 1265 1678 a

194 1710 339 1766 creatore
351 1709 529 1779 acciperent
543 1709 695 1778 quidquid
707 1710 752 1766 eis
767 1712 835 1766 erat
849 1710 1060 1792 neceesarium
1075 1711 1108 1766 et
1122 1711 1268 1782 propriis

194 1796 315 1852 viribus
331 1796 474 1852 invenire
489 1811 552 1851 non
566 1798 723 1866 poterant.
735 1800 834 1854 Porro
850 1797 1005 1866 ejusmodi
1020 1798 1069 1854 est
1083 1812 1197 1863 sermo,
1209 1799 1266 1868 qui

193 1887 242 1943 est
260 1885 422 1940 vinculum
445 1885 615 1951 societatis
632 1887 698 1942 sine
721 1903 783 1958 quo
799 1888 949 1943 veritates
969 1887 1103 1943 morales
1128 1887 1159 1943 et
1184 1888 1263 1944 reli-

193 1975 288 2043 giosae
303 1974 527 2030 convenienter
541 1975 733 2045 apprehendi
749 1977 781 2032 et
795 1977 970 2034 transmitti
985 1990 1048 2032 non
1062 1978 1205 2047 possunt.

230 2066 301 2118 Haec
315 2062 473 2119 conclusio
497 2063 535 2118 ab
550 2064 689 2120 inventis
712 2064 890 2136 philologiae
912 2080 973 2121 non
998 2065 1176 2130 discordat;
1196 2065 1262 2120 imd

194 2152 289 2221 hujus
309 2152 447 2207 scientiae
462 2152 650 2208 certioribus
666 2154 917 2210 conclusionibus
933 2153 1151 2210 confirmatur.

225 2277 288 2333 999.
306 2276 502 2334 Conclusio.
519 2306 552 2316 -
568 2277 769 2334 Admittenda
788 2280 837 2335 est
860 2280 960 2348 igitur
984 2277 1140 2336 sententia
1160 2277 1265 2334 tradi·

193 2367 331 2432 uenalis,
348 2366 422 2420 dum
441 2368 597 2435 purgetur
622 2367 781 2424 nonnullis
802 2368 889 2425 falsis
913 2381 981 2437 quae
997 2368 1025 2424 ei
1049 2367 1263 2422 accesserunt.

190 2455 349 2524 Ejusmodi
366 2455 439 2509 sunt
451 2454 676 2510 commenticiae
691 2454 805 2512 fabulae
821 2457 962 2514 Platonis
977 2469 1097 2512 necnon
1110 2453 1261 2524 figmenta

190 2543 510 2600 traditionalistarum
538 2542 693 2612 praeteriti
717 2545 832 2610 saeculi,
858 2545 943 2602 inter
970 2559 1048 2615 quos
1080 2543 1199 2599 eminet
1223 2543 1264 2599 de

190 2633 315 2688 Bonald.
332 2632 478 2686 Attamen
494 2630 528 2685 hi
542 2631 720 2704 philosophi
735 2633 872 2690 ieliciter
889 2634 1017 2690 veritati
1032 2631 1266 2703 appropinqua-

190 2721 315 2777 verunt.
