2828 4550
198 340 253 397 mo
629 353 844 395 rsrcuouoom

198 465 382 522 diversitate
408 463 556 520 mentis...
579 462 661 532 (clim
685 477 793 518 omnes
814 462 956 518 homines
981 461 1122 530 ejusdem
1151 461 1269 531 speciei

198 537 369 592 existentes
384 536 416 590 in
430 533 534 590 forma
548 534 765 605 conveniant);
788 533 841 589 sed
861 535 962 590 estex
984 531 1110 588 diversa
1128 533 1266 604 disposi-

170 691 171 694 ,
197 609 283 735 gione
306 619 484 749 corpssrum.
510 605 602 660 Sectis
628 606 735 660 autem
756 606 805 660 est
831 605 865 659 in
883 604 1014 674 angelis,
1037 604 1091 673 qui
1113 603 1269 684 differunt

216 693 346 750 pecie...
407 715 415 733 .

237 787 306 840 Haec
321 783 478 841 sentencia
492 783 606 838 nititur
619 783 766 854 opinione
790 796 901 838 eorum
921 782 974 850 qui
994 781 1189 838 contendunt
1209 783 1269 838 lio-

200 875 299 930 mines
314 872 507 928 individuari
522 886 579 943 per
593 886 705 942 corpus
719 871 761 941 (v.
775 885 822 942 op.
839 873 988 936 xxxvrnt.
1010 871 1078 934 Sed,
1098 871 1135 927 ut
1148 871 1267 927 ibidem

198 963 347 1026 vidimus,
364 961 457 1017 homo
479 959 561 1016 forte
583 974 645 1016 non
672 961 776 1016 minus
799 959 1019 1030 individuatur
1044 973 1101 1031 per
1126 960 1266 1016 animam

200 1053 293 1121 quam
309 1065 366 1121 per
380 1049 555 1106 materiam.

234 1142 341 1209 ltaque
355 1139 492 1196 secunda
511 1139 668 1194 sententia
682 1138 843 1194 contendit
862 1137 1055 1194 differentias
1075 1139 1267 1208 qualitatum

199 1229 394 1285 naturalium
416 1228 501 1283 inter
525 1226 667 1284 homines
689 1227 767 1282 oriri
790 1241 852 1282 non
874 1227 975 1282 solnm
998 1241 1037 1282 ex
1060 1229 1198 1298 organis,
1215 1229 1270 1285 sed

199 1320 295 1376 etiam
310 1319 342 1373 et
356 1317 438 1373 forte
454 1318 553 1373 multo
573 1315 672 1386 magis
688 1331 727 1372 ex
746 1317 822 1387 ipsis
846 1315 1020 1372 animabus.
1037 1317 1115 1372 Huic
1138 1319 1272 1374 senten-

198 1409 251 1464 tiae
273 1406 377 1462 favere
393 1405 520 1462 videtur
535 1407 562 1460 S.
580 1405 648 1470 Tin,
662 1406 696 1460 in
720 1406 786 1460 loeo
811 1405 895 1460 infra
918 1405 1024 1470 citato,
1041 1406 1095 1460 ubi
1110 1406 1270 1478 duplicem

199 1499 354 1553 rationem
369 1495 552 1550 differentiae
568 1496 651 1549 inter
665 1493 842 1549 intellectus
853 1495 1007 1549 humanos
1022 1495 1143 1565 tangit:
1163 1509 1271 1561 unam,

201 1601 269 1656 quae
285 1585 389 1641 oritur
402 1599 442 1639 ex
463 1585 530 1654 ipso
554 1583 734 1645 iutelleotn;
757 1581 861 1646 aliam,
883 1597 950 1651 quae
970 1583 1073 1638 oritur
1095 1599 1135 1639 ex
1149 1599 1270 1654 organo

202 1690 256 1732 seu
271 1674 495 1738 instrumento,
509 1687 570 1742 quo
586 1672 765 1728 intellectus
785 1672 889 1728 utitur
905 1688 912 1726 ε

236 1783 322 1836 Unus
337 1781 397 1835 alio
420 1780 524 1850 potest
538 1779 678 1834 eamdem
699 1793 765 1833 rem
787 1779 898 1833 melitis
918 1778 1104 1848 intelligere,
1128 1780 1202 1848 quia
1221 1781 1272 1836 est

201 1853 340 1908 melioris
356 1852 484 1906 virtutis
499 1850 531 1904 in
553 1850 776 1918 intelligendo;
800 1850 882 1904 sicut
904 1850 1015 1905 melius
1035 1849 1122 1905 videt
1144 1851 1271 1908 visione

200 1923 356 1994 corporali
376 1936 442 1977 rem
461 1921 596 1990 aliquam
612 1922 664 1989 qui
679 1924 728 1976 est
746 1919 942 1989 perfectioris
958 1921 1099 1986 virtutis,
1114 1922 1190 1976 etin
1205 1937 1269 1991 quo

199 1995 304 2049 virtus
332 1994 436 2048 visiva
463 1994 511 2048 est
538 1992 717 2062 perfectior.
739 1994 801 2046 Hoc
829 1994 936 2046 autem
962 1992 1045 2046 circa
1070 1992 1268 2049 intellectum

200 2065 354 2134 contingit
369 2064 560 2134 dupliciter:
582 2078 643 2118 uno
659 2063 783 2130 quidem
801 2063 888 2118 modo
904 2077 943 2118 ex
958 2064 1047 2133 parte
1060 2063 1159 2132 ipsius
1174 2064 1269 2120 intel-

200 2137 309 2201 lectis,
327 2136 380 2204 qui
395 2137 443 2191 est
458 2133 633 2206 perfectior.
654 2133 855 2189 Manifestum
878 2135 926 2188 est
950 2135 1032 2188 enim
1048 2135 1130 2201 quod
1149 2138 1270 2204 quanto

199 2222 313 2277 eorpus
328 2209 376 2262 est
391 2207 502 2262 melitis
526 2205 723 2273 dispositum,
745 2205 833 2260 tanto
858 2205 1019 2260 meliorem
1044 2206 1179 2260 sortitur
1200 2206 1270 2261 ani-

202 2293 304 2342 mam;
330 2278 412 2347 quod
437 2277 602 2331 manifeste
622 2277 752 2346 apparet
775 2275 808 2330 in
834 2275 970 2344 hisquae
997 2277 1072 2332 sunt
1096 2277 1271 2332 secundirm

201 2351 336 2419 speciem
352 2350 486 2404 diversa.
498 2348 593 2416 cnjus
608 2347 689 2402 ratio
702 2348 759 2410 est,
770 2346 843 2414 quia
853 2348 941 2402 actus
957 2348 988 2402 et
999 2347 1101 2402 forma
1116 2348 1273 2417 recipitur

201 2422 234 2476 in
250 2420 383 2476 materia
402 2419 573 2476 secuudum
591 2419 730 2474 materiae
752 2418 966 2486 capacitatem.
984 2418 1070 2474 Unde
1085 2419 1181 2474 etiam
1197 2420 1270 2475 edm

201 2493 233 2546 in
249 2492 427 2547 hominibus
442 2491 569 2558 quidam
585 2489 720 2545 habeant
733 2503 847 2560 eorpus
863 2489 975 2544 melius
991 2490 1189 2560 dispositum,
1204 2505 1271 2546 sor-

200 2565 327 2618 tiuntur
338 2564 476 2616 animam
495 2561 621 2629 majoris
636 2560 767 2616 virtutis
782 2561 815 2615 in
829 2560 1042 2629 intelligendo.
1056 2561 1141 2616 Unde
1153 2561 1272 2616 dicitur

202 2632 248 2701 (de
271 2631 437 2701 Animo...)
458 2631 539 2700 quod
563 2652 577 2679 α
593 2629 700 2686 molles
722 2646 815 2686 carne
840 2629 917 2686 bene
942 2634 1031 2700 aptos
1057 2633 1160 2686 mente
1183 2632 1270 2688 vide-

202 2719 271 2759 mus
288 2723 313 2755 ».
331 2733 365 2744 -
380 2705 447 2758 Α110
462 2703 552 2758 modo
568 2702 722 2770 contingit
741 2702 799 2757 hoc
818 2716 857 2756 ex
881 2704 969 2770 parte
991 2702 1180 2758 inferiorum
1204 2704 1269 2758 vir·

200 2777 318 2837 tutum,
341 2774 452 2843 quibus
480 2773 658 2830 intellectus
687 2773 807 2840 indiget
830 2772 869 2827 ad
897 2773 945 2827 sui
972 2774 1197 2842 operationem.
1218 2774 1268 2828 llli

202 2846 285 2900 euim
300 2845 459 2914 inquibus
478 2845 581 2900 virtus
605 2844 810 2913 imaginativa
833 2845 864 2898 et
878 2845 1049 2912 cogitativa
1063 2845 1095 2900 et
1110 2859 1270 2900 memora-

201 2916 283 3041 tivad
296 2916 476 3057 est(121)1elii1s
495 2915 659 2986 disposita,
683 2915 759 2970 sunt
787 2915 899 2970 meliis
920 2915 1064 2986 dispositi
1086 2915 1125 2970 ad
1151 2915 1272 2972 intelli·

203 3001 262 3057 gen
286 3003 338 3042 um
396 3029 402 3041 .

237 3111 304 3170 983.
330 3112 557 3171 Qualitatum
579 3115 711 3170 animae
733 3113 907 3170 varietas.
931 3142 964 3153 -
989 3111 1145 3180 Quidquid
1165 3111 1209 3167 sit
1230 3111 1270 3166 de

202 3201 259 3256 hac
283 3202 508 3268 controversia,
535 3205 670 3258 maxime
694 3203 844 3258 differunt
867 3202 951 3258 inter
975 3215 1007 3257 se
1031 3200 1212 3256 intellectus
1237 3201 1272 3255 et

166 3327 167 3330 ,
201 3290 314 3345 animae
329 3290 504 3354 hominum,
521 3291 586 3364 sive
610 3291 748 3361 primirm
767 3289 897 3360 propter
918 3288 1156 3359 dispositionem
1177 3301 1275 3356 orga-

185 3379 301 3442 nicam
317 3379 415 3434 solam
431 3379 595 3434 autetiam
611 3380 741 3450 propter
756 3379 857 3450 ipsam
876 3378 1012 3432 animam
1028 3375 1276 3440 intellectivam,

201 3467 269 3522 sive
296 3467 406 3524 deinde
438 3468 569 3538 propter
597 3467 816 3524 educationem
849 3467 881 3522 et
907 3463 1173 3528 circumstantias,
1204 3464 1277 3520 sive

202 3555 378 3625 praesertim
399 3558 530 3628 propter
551 3555 677 3612 habitus
700 3555 897 3612 voluntarios
922 3553 1115 3626 proindeque
1138 3553 1281 3610 liberum

235 3706 271 3768 (1)
287 3707 329 3764 3³,
343 3705 419 3771 q.69,
430 3722 456 3757 a.
471 3705 495 3762 8,
510 3707 543 3756 ad
555 3709 579 3757 3.

236 3771 270 3832 (2)
283 3769 322 3833 1⁸,
338 3787 365 3836 q.
382 3769 424 3831 85,
440 3786 463 3820 a.
480 3770 505 3820 Ἰ.
