2790 4546
294 363 569 406 cururnxxv1.-
584 363 633 408 Nos
651 351 729 414 1251,
749 351 923 420 12521253,
941 351 1019 410 1254.
1141 353 1193 409 251

111 475 185 531 tum
202 477 260 538 661,
283 473 375 530 homo
390 474 553 544 perficitur
576 477 673 531 Deum
697 475 826 532 colendo
851 477 933 532 sicut
956 477 1091 548 oportet.
1107 477 1194 532 Unde

113 563 198 618 dicit
217 565 248 618 S.
268 563 344 618 Th.:
363 581 376 612 n
393 566 454 619 Deo
470 577 531 618 non
547 564 715 620 exhibetur
733 565 852 634 aliquid
873 566 1001 637 propter
1015 565 1084 634 eJus
1104 566 1193 620 61111-

114 651 231 716 tatem,
266 651 319 707 sed
347 653 478 722 propter
510 653 578 722 eJus
611 653 755 722 gloriam,
790 654 930 709 nostram
964 654 1068 710 autem
1101 655 1206 710 utili-'

114 731 220 796 tatem
239 759 252 790 6
270 740 318 811 (l).
881 814 884 820 1

157 829 189 882 2ο
200 831 281 884 Deus
305 830 448 886 intuetur
463 846 533 895 cor:
550 830 632 886 unde
649 845 711 888 non
735 832 855 901 indiget
874 834 959 889 cultu
984 833 1124 896 externo,
1140 833 1194 901 qui

117 917 255 988 proinde
269 931 331 974 non
347 920 395 974 est
408 921 437 974 ei
458 919 663 976 exhibendus.

157 1003 251 1078 Resp.
263 1038 297 1047 -
312 1007 404 1063 Nullo
420 1007 509 1064 cultu
523 1008 643 1078 indiget
658 1011 738 1064 Deus
751 1024 757 1074 ;
775 1009 878 1066 cultus
892 1011 996 1064 tamen
1014 1009 1067 1065 Dei
1082 1009 1130 1064 est
1144 1021 1196 1064 ne·

118 1095 290 1162 cassarius,
313 1098 350 1152 ut
371 1096 489 1151 dictum
510 1098 566 1162 est,
590 1098 768 1168 praesertim
794 1099 898 1155 cultus
922 1099 1077 1162 internus,
1104 1095 1195 1164 cujus

116 1185 227 1240 cultus
255 1188 407 1240 externus
435 1189 482 1242 est
511 1187 639 1242 effectus
670 1186 886 1243 naturaliset
912 1187 1191 1257 complementum.

115 1273 257 1329 Aliunde
280 1273 369 1330 cultu
391 1275 520 1330 externo
547 1275 682 1330 maxime
706 1275 826 1344 indiget
852 1277 943 1332 homo
963 1279 995 1330 et
1020 1274 1194 1344 praesertim

117 1363 268 1418 societas.

157 1486 238 1542 1253.
254 1488 305 1544 De
317 1487 492 1558 religione
506 1488 787 1560 supernaturali.
797 1518 831 1530 -
844 1489 889 1544 Ad
903 1489 1087 1558 religionem
1103 1488 1195 1544 natu·

115 1577 219 1632 ralcm
240 1576 276 1631 de
291 1575 353 1646 qua
371 1577 532 1646 hucusque
548 1578 665 1634 dictum
689 1584 735 1633 est
758 1578 903 1634 accedere
922 1578 1027 1648 potest
1047 1578 1079 1632 et
1102 1577 1194 1633 debet

114 1665 234 1734 religio
249 1666 511 1736 supernaturalis.
531 1668 601 1730 Quae
623 1681 663 1722 ex
685 1666 805 1723 duobus
824 1667 1001 1738 praesertim
1024 1667 1191 1734 exsurgit:

116 1769 160 1810 ex
175 1754 369 1810 revelatione
383 1755 555 1810 veritatum
569 1768 637 1824 quae
652 1755 785 1812 rationis
800 1757 926 1826 captum
939 1755 1099 1826 superant,
1111 1757 1143 1811 et
1156 1771 1194 1811 ex

118 1843 233 1900 officiis
252 1843 342 1899 novis
367 1845 399 1898 61
417 1843 623 1899 nobilioribus
644 1856 712 1912 quae
736 1844 817 1899 hanc
841 1844 1065 1900 revelationem
1090 1857 1196 1903 conse·

118 1933 275 2001 quuntur.
298 1933 363 1996 Quo
382 1933 474 2003 pacto
490 1933 528 1988 ad
550 1933 692 1988 ordinem
715 1933 989 2004 supernaturalem
1012 1932 1105 1988 homo
1128 1933 1195 1988 ele·

121 2023 228 2074 vatur.
258 2021 377 2076 Exinde
409 2021 554 2089 exsurgit
582 2021 693 2089 religio
727 2035 801 2076 vere
834 2020 1097 2093 supernaturalis,
1126 2035 1196 2089 quae

118 2108 261 2164 humano
277 2109 384 2178 generi
399 2123 559 2179 nunquam
576 2109 676 2166 deluit
695 2110 873 2181 praesertim
887 2111 958 2179 post
972 2109 1088 2164 Christi
1104 2123 1195 2164 reve·

118 2198 283 2253 lationem.
300 2201 370 2254 Haec
388 2198 493 2253 autem
509 2199 620 2266 religio
636 2199 683 2253 661
698 2199 825 2254 omnino
835 2199 993 2280 ¹distincta
1008 2213 1026 2252 a
1041 2198 1194 2266 religione

118 2287 272 2352 naturali,
289 2300 380 2355 quam
396 2287 502 2342 tamen
518 2285 684 2342 confirmat
698 2287 749 2342 vel
762 2287 856 2342 etiam
873 2289 1009 2357 reparat,
1022 2288 1054 2342 61
1070 2287 1195 2342 mirabi-

118 2375 199 2431 liter
216 2374 349 2446 perficit.

161 2499 507 2556 1254.Reve1ationis
531 2504 568 2556 et
589 2500 774 2570 religionis
797 2499 1089 2570 supernaturalls
1107 2511 1194 2554 con-

118 2588 319 2646 venientia.
337 2622 370 2630 -
389 2593 455 2646 Jam
471 2590 545 2645 alibi
565 2581 658 2661 plura
681 2590 765 2646 dicta
783 2591 858 2645 sunt
878 2589 914 2644 de
930 2586 1116 2644 necessitate
1131 2601 1196 2642 mo·

120 2679 185 2734 rali
208 2677 279 2734 fidei
304 2680 335 2735 et
356 2679 570 2743 revelationis,
586 2693 705 2734 necnon
731 2679 767 2734 de
787 2676 991 2732 relationibus
1011 2675 1144 2732 rationis
1160 2689 1195 2730 ac

121 2767 200 2824 fidei
214 2769 255 2838 (n.
275 2767 306 2822 17
321 2772 352 2824 61
365 2768 440 2837 279).
454 2767 508 2823 1116
521 2768 638 2823 iterum
654 2768 817 2823 audiamus
833 2767 864 2820 S.
884 2765 937 2820 Th.
954 2781 961 2819 ε

161 2873 377 2930 Necessarium
405 2874 467 2930 luit
495 2875 533 2928 ad
564 2874 733 2928 humanam
762 2873 895 2927 salutem
925 2887 991 2926 6666
1019 2872 1194 2928 doctrinam

124 2945 292 3015 quamdam
318 2946 489 3002 secundum
514 2945 739 3000 revelationem
762 2944 900 2998 divinam
923 2943 1040 3013 praeter
1059 2942 1194 3013 philoso-

124 3016 237 3088 phicas
252 3017 523 3086 disciplinasque
539 3017 661 3071 ratione
676 3014 815 3069 humana
829 3014 1071 3082 investigantur.
1089 3013 1195 3068 Primo

124 3088 263 3156 quidem,
284 3091 358 3156 quia
372 3088 465 3142 homo
485 3087 652 3142 ordinatur
672 3087 710 3140 ad
732 3089 840 3148 Deum,
865 3086 947 3140 sicut
970 3085 1008 3138 ad
1028 3085 1193 3152 quemdam

125 3157 234 3226 finem,
249 3159 300 3226 qui
320 3159 630 3230 comprehensionem
646 3157 778 3211 rationis
794 3157 949 3211 excedit...
967 3155 1072 3210 Finem
1087 3158 1193 3210 autem
1255 3200 1259 3214 .

126 3229 253 3301 oportet
268 3243 334 3284 6666
349 3229 577 3300 praecognitum
590 3228 779 3290 hominibus,
801 3227 854 3294 qui
870 3240 942 3282 6666
957 3225 1146 3280 intentiones
1161 3227 1194 3280 61

123 3301 264 3355 66116666
290 3299 402 3355 debent
426 3302 572 3356 ordinare
600 3299 632 3354 in
659 3297 764 3353 ilnem.
782 3298 868 3353 Unde
892 3297 1103 3352 necessarium
1131 3295 1194 3350 ruit

124 3371 248 3426 homini
263 3371 301 3425 ad
317 3371 451 3426 salutem
471 3371 553 3440 quod
575 3370 604 3425 ei
621 3373 694 3424 nota
716 3370 827 3424 fierent
841 3368 980 3438 quaedam
1000 3381 1057 3436 per
1075 3365 1193 3422 revela-

122 3443 244 3498 tionem
260 3441 400 3497 divinam
417 3456 484 3509 quae
504 3441 659 3496 rationem
674 3441 841 3494 humanam
858 3438 1026 3494 excedunt.
1045 3466 1078 3475 -
1099 3437 1143 3492 nd
1159 3451 1195 3492 66

122 3513 219 3568 etiam
230 3527 301 3580 quae
316 3513 353 3568 de
373 3515 433 3567 Deo
444 3513 566 3568 ratione
581 3510 720 3566 humana
739 3509 923 3578 investigari
939 3509 1071 3578 possunt
1086 3521 1195 3563 neces-

121 3583 244 3640 sarium
260 3583 321 3638 suit
337 3583 494 3638 hominem
510 3579 973 3644 166116116661611666(1111616
990 3579 1063 3648 quia
1078 3580 1197 3634 veritas

153 3765 188 3828 6)
206 3766 244 3823 aa.
256 3765 304 3827 ee,
321 3780 347 3830 q.
362 3763 404 3822 ar,
421 3778 444 3814 a.
457 3763 482 3822 6,
497 3763 530 3814 aa
545 3763 568 3813 a.
