2828 4550
227 420 278 476 180
670 435 844 476 rnuonionn

225 546 333 603 divina
365 546 493 602 libertas
518 545 670 614 quantum
699 545 786 616 patet
812 545 920 600 divina
947 544 1099 610 scientia;
1134 543 1218 600 unde
1249 546 1300 600 θεῖ

225 634 426 704 maximati).

261 760 342 815 1108.
363 759 495 816 Divina
513 759 667 816 libertas
686 763 724 815 et
742 773 843 814 error
860 757 1159 829 pessimlsterum.
1182 788 1216 798 —
1241 761 1296 814 Αε-

223 849 353 905 serendo
378 849 552 903 Creatorem
571 847 669 904 fuisse
697 848 829 904 liberum
854 847 1006 911 absolute,
1030 861 1093 902 non
1120 845 1300 902 diffitemur

223 952 300 1008 opus
317 937 484 992 creationis
504 936 601 992 inisse
625 937 971 998 convenientissimum
995 935 1049 990 sed
1073 949 1223 1004 negamus
1248 950 1297 992 so-

223 1026 383 1082 lummodo
399 1025 477 1080 illud
492 1039 571 1094 opus
585 1025 682 1081 luisse
696 1025 916 1082 necessarium.
934 1024 1105 1080 Necessitas
1117 1024 1200 1078 enim
1212 1039 1299 1080 orea-

223 1115 319 1170 tionis
338 1115 404 1169 haec
419 1114 479 1169 duo
495 1113 574 1168 falsa
597 1114 767 1184 importat:
784 1113 1054 1184 imperfectionem
1079 1113 1112 1166 in
1134 1113 1295 1177 creatore,

223 1203 277 1272 qui
296 1203 400 1270 aliquo
415 1203 495 1258 bono
511 1204 602 1258 extra
621 1203 758 1274 scipsum
774 1203 949 1271 indigeret3
966 1202 998 1257 et
1012 1201 1177 1270 quamdam
1193 1201 1297 1257 inlini·

223 1291 320 1346 tatem
334 1293 496 1355 creaturae,
513 1304 581 1360 quae
601 1305 706 1346 carere
722 1291 889 1348 existentiis
903 1303 965 1346 non
980 1289 1095 1361 posset.

257 1379 369 1435 Verior
394 1382 424 1434 et
449 1380 642 1435 moderatior
662 1377 797 1450 'apparet
821 1380 923 1436 adhuc
945 1381 1054 1435 nostra
1078 1379 1249 1444 conclusio,
1267 1381 1293 1435 si

221 1468 399 1524 attenditur
417 1469 455 1523 ad
475 1483 615 1524 errorem
640 1469 901 1538 pessimistarum,
918 1469 971 1536 qui
991 1469 1185 1524 contendunt
1203 1483 1296 1524 crea·

222 1557 341 1613 tionem
352 1572 418 1612 esse
431 1557 555 1621 malam,
571 1558 643 1626 quia
656 1557 736 1613 bona
750 1557 840 1612 linita
857 1557 1065 1612 inveniuntur
1076 1557 1176 1612 mixta
1189 1558 1296 1612 malis.

223 1647 280 1700 Sed
301 1661 339 1700 ex
363 1646 451 1701 bonis
476 1647 654 1702 ostenditur
682 1646 849 1702 creationis
876 1645 1113 1710 convenientia;
1140 1661 1180 1700 ex
1203 1647 1296 1702 malis

222 1735 328 1790 autem
358 1734 567 1790 ostenduntur
590 1747 696 1790 rerum
726 1735 923 1806 imperiectio
956 1735 988 1790 et
1016 1734 1233 1804 contingentia
1261 1749 1300 1790 ac

221 1824 351 1892 proinde
366 1825 522 1879 creatoris
536 1824 673 1878 libertas.

259 1947 336 2002 1109.
369 1948 540 2017 objectio.
565 1979 599 1988 -
623 1949 708 2004 Inter
731 1948 846 2004 multas
879 1948 1069 2016 objectiones
1095 1949 1140 2019 (v.
1167 1963 1200 2004 n.
1226 1949 1297 2016 591)

220 2037 408 2105 gravissima
431 2037 648 2106 forte'petitur
669 2051 709 2091 ex
733 2037 916 2092 necessitate
936 2039 1017 2092 entis
1041 2037 1152 2092 divini.
1169 2039 1295 2093 Etenim

221 2125 372 2194 quidquid
392 2126 485 2180 estin
504 2129 624 2181 Deoest
644 2127 871 2192 necessarium
894 2126 1023 2182 libertas
1038 2129 1143 2182 autem
1169 2141 1226 2182 seu
1248 2141 1299 2182 ac-

221 2215 272 2270 tus
293 2214 372 2269 liber
387 2215 435 2269 est
449 2215 643 2282 contingens,
660 2217 741 2283 Ergo
752 2228 814 2268 non
827 2215 875 2270 est
889 2215 922 2268 in
936 2217 1007 2270 Deo.
1056 2281 1062 2290 .

255 2300 347 2373 Resp.
360 2335 393 2342 -
408 2305 439 2357 ln
452 2306 512 2358 Deo
527 2305 615 2358 actus
629 2303 707 2357 liber
722 2316 783 2357 non
797 2305 845 2358 est
859 2303 978 2371 aliquid
993 2303 1176 2358 indifferens
1192 2317 1297 2373 neque

220 2389 405 2460 simpliciter
433 2389 551 2457 aliquid
580 2389 773 2457 contingere,
804 2390 857 2444 sed
886 2391 934 2444 θεῖ
960 2391 1026 2458 ipse
1050 2390 1140 2445 actus
1164 2390 1296 2444 divinus

219 2485 372 2549 quatenus
399 2479 467 2548 ejus
494 2479 649 2549 objectum
672 2481 746 2535 sunt
771 2481 856 2535 entia
881 2481 1103 2549 contingentia.
1129 2480 1216 2536 Unde
1239 2479 1296 2535 ille

218 2571 307 2628 actus
332 2572 380 2624 est
394 2570 463 2638 ipsa
482 2570 628 2624 voluntas
648 2569 764 2631 divina,
790 2583 858 2638 quae
883 2583 945 2624 non
965 2571 1118 2634 mutatur,
1135 2569 1209 2625 licet
1223 2569 1296 2638 ejus

219 2658 376 2726 objectum
393 2657 614 2712 secundarium
626 2659 668 2714 sit
683 2657 866 2726 contingens
881 2661 913 2712 et
929 2658 1088 2724 mutabile,
1105 2659 1188 2727 quod
1204 2657 1295 2736 ordi-

220 2747 315 2800 natur
329 2746 367 2799 ad
381 2748 501 2808 Bonum
517 2747 707 2811 absolutum,
724 2748 872 2814 tanquam
889 2747 1026 2802 medium
1045 2747 1083 2802 ad
1103 2745 1208 2802 finem.
1225 2747 1296 2801 Non

220 2835 363 2888 mutatur
379 2835 462 2888 enim
485 2836 573 2890 actus
588 2835 715 2890 divinus
731 2849 770 2888 ex
785 2849 820 2889 eo
842 2835 923 2902 quod
948 2835 1016 2890 vult
1030 2837 1149 2890 Bonum
1167 2834 1296 2890 absolu·

218 2922 287 2976 tum
304 2923 498 2978 solummodo
523 2925 580 2978 aut
594 2926 711 2978 Bonum
736 2923 915 2979 absolutum
931 2937 1001 2979 oum
1018 2924 1131 2986 medio,
1147 2923 1231 2992 quod
1245 2927 1297 2979 θεῖ

217 3009 332 3066 bonum
353 3014 503 3066 creatum.

256 3137 333 3191 1110.
356 3137 487 3193 Utrum
501 3138 676 3194 voluntas
695 3137 761 3193 Del
776 3138 825 3193 sit
843 3151 955 3194 causa
978 3137 1130 3193 rerum?
1145 3167 1181 3176 —
1196 3139 1296 3202 Quae-

217 3226 304 3281 ritur
319 3241 402 3280 nunc
419 3243 426 3280 :
443 3227 555 3281 Utrum
583 3230 663 3282 Deus
688 3228 727 3280 sit
748 3241 842 3282 eausa
856 3241 974 3289 rerum,
991 3241 1046 3282 seu
1069 3227 1208 3290 Creator,
1235 3241 1299 3298 per

216 3315 410 3370 intellectum
428 3318 460 3370 et
483 3315 679 3370 voluntatem
706 3330 806 3378 suam,
834 3329 873 3370 an
889 3318 965 3370 vero
992 3329 1049 3386 per
1070 3316 1294 3372 necessitatem

217 3405 340 3458 naturae
353 3407 363 3458 1
377 3407 444 3457 Jam
459 3405 621 3474 responsio
636 3405 724 3474 patet
739 3419 777 3460 ex
793 3403 902 3469 dictis3
920 3393 1003 3468 nam,
1019 3404 1046 3460 si
1066 3406 1146 3460 Deus
1169 3406 1300 3462 creavit

217 3491 324 3556 libere,
341 3506 403 3546 non
427 3493 548 3546 creavit
568 3507 625 3562 per
649 3493 867 3548 necessitatem
892 3495 1022 3548 naturae.
1048 3492 1302 3558 Sed,el1mnaec

216 3581 375 3636 conclusio
392 3581 434 3634 sit
448 3581 628 3648 gravissimi
653 3582 814 3648 momenti,
840 3583 883 3636 sic
908 3595 986 3646 eam,
1004 3581 1081 3637 duce
1096 3581 1124 3634 S.
1142 3581 1213 3647 Th„
1228 3583 1302 3639 tri-

213 3667 289 3738 plici
309 3670 496 3736 argumento
513 3668 790 3724 confirmabimus:

241 3825 282 3888 ,tui
298 3825 335 3874 of.
354 3826 383 3875 ε.
404 3825 463 3883 ri„
478 3825 514 3883 ra,
530 3841 556 3891 q.
568 3825 607 3886 io,
624 3841 649 3878 a.
663 3825 718 3880 aa.
732 3826 771 3876 io.
