2790 4546
691 393 807 440 mlct

606 649 737 710 CAPUT
756 649 890 709 LXXIII

577 811 618 854 DD
649 811 729 854 HG}
761 811 911 854 Mum.

334 909 375 952 DD
398 908 479 952 ute!
497 909 662 952 neronum
679 909 805 952 Nrouou
823 909 864 950 nu
883 909 954 952 DJUS
970 909 1156 954 smenon.

429 1008 469 1050 DD
494 1007 576 1052 Lucu
595 1007 750 1050 Poslrlvt.
770 1007 811 1050 DD
829 1007 1065 1050 consumimur

251 1165 330 1222 1213.
349 1163 402 1222 De
419 1164 509 1234 leue,
529 1178 613 1234 quae
631 1169 688 1220 eet
707 1165 856 1218 actuum
879 1162 1120 1218 humanorum
1143 1163 1275 1233 tepula.

212 1287 246 1298 —
256 1257 319 1311 Lex
328 1255 377 1310 est
387 1253 496 1322 regule
506 1255 633 1308 actuum
645 1252 867 1308 humanorum.
884 1251 942 1307 Sed
956 1251 1019 1308 elie
1030 1252 1078 1308 est
1087 1251 1140 1308 lex
1155 1253 1274 1314 eterne,

211 1356 280 1414 quoe
293 1343 343 1398 eet
360 1340 470 1410 regule
485 1341 605 1410 prima3
621 1341 747 1398 aliaest
762 1340 813 1396 lex
834 1341 996 1404 naturalis,
1014 1353 1083 1409 quae
1107 1342 1156 1398 cst
1175 1341 1276 1410 regule

212 1430 398 1502 proximuet
416 1443 478 1485 non
491 1429 620 1486 videtur
633 1429 760 1485 differre
774 1444 794 1486 a
807 1428 997 1485 couscientii
1015 1428 1110 1493 γονᾶς
1127 1429 1196 1486 elice
1209 1429 1278 1486 suut

212 1520 296 1590 leges
310 1518 466 1591 positivae.
480 1533 549 1588 quae
568 1518 601 1573 iu
616 1518 683 1587 lege
698 1517 835 1574 neturelt
850 1518 1024 1574 tundentur
1038 1519 1070 1574 et
1087 1518 1165 1589 ipsae
1185 1519 1277 1574 deter-

214 1607 375 1670 miueutur
387 1608 438 1664 vel
451 1607 547 1664 etium
567 1606 755 1680 supplentur
769 1606 1009 1664 cousuetudine.
1029 1609 1071 1664 De
1086 1607 1137 1663 his
1152 1606 1278 1663 diversis

213 1697 330 1768 regulis
345 1697 532 1754 asseruntur
547 1696 728 1766 sequeutia:

249 1804 371 1859 Tursls.
387 1831 422 1844 -
436 1799 500 1856 Len
515 1804 560 1856 est
580 1800 656 1856 ordo
679 1799 815 1856 rationis
830 1800 872 1856 od
899 1800 1014 1857 bonnm
1043 1818 1219 1868 commune,
1243 1801 1277 1857 oi

215 1890 401 1948 anctoritate
416 1889 645 1948 determinatus
656 1893 685 1946 et
695 1887 890 1962 sufficienter
902 1891 1132 1964 promntpotns.
1144 1923 1178 1932 -
1190 1891 1278 1948 Totnc

214 1976 289 2034 ordo
304 1976 435 2034 moratis
452 1977 612 2050 fundatur
630 1976 665 2032 in
689 1977 752 2052 tepe
766 1978 886 2034 oetcrnct
901 1981 930 2034 et
949 1976 984 2033 in
1002 1979 1064 2053 Iepe
1083 1977 1236 2034 naturali.
1247 2009 1277 2018 -

215 2065 287 2122 Hcec
302 2070 407 2124 antem
423 2071 467 2123 est
482 2069 601 2122 notnrct
620 2068 680 2122 snei
699 2064 908 2124 immutabitis
923 2067 1051 2139 ejusque
1060 2067 1173 2142 prima
1189 2066 1277 2142 prin-

215 2154 301 2232 cipia
315 2154 538 2216 con-scientiam
551 2156 659 2230 supere
674 2172 736 2212 non
749 2157 887 2228 poscunt.
903 2187 939 2197 ·-
953 2155 1018 2211 Nec
1033 2159 1130 2223 caret,
1149 2173 1277 2230 proeter-

216 2244 276 2302 nm
289 2244 528 2310 incitemini,
543 2244 704 2301 sanctione
719 2243 840 2310 divino,
857 2261 923 2316 quoe
938 2243 1077 2302 consistit
1095 2243 1131 2300 in
1147 2261 1278 2302 consecu-

217 2334 301 2392 tione
315 2335 364 2391 vet
378 2333 548 2392 amissione
560 2335 634 2406 finis
647 2333 765 2392 ultimi.
782 2365 817 2376 -
836 2333 915 2390 Cum
931 2334 994 2406 tepe
1013 2334 1162 2391 naturali
1181 2352 1201 2390 o
1222 2336 1276 2406 qni

217 2422 415 2490 derivantur,
432 2422 538 2481 adsint
550 2425 668 2498 oportet
684 2424 762 2498 tepcs
774 2421 927 2496 positivoe,
947 2421 1064 2482 divinoe
1082 2423 1276 2483 ethrinam,
1382 2427 1383 2452 t

216 2529 282 2585 qnoe
296 2512 388 2569 iilam
403 2510 614 2568 determinent
629 2512 678 2566 oet
692 2510 859 2584 explicent.
877 2544 910 2552 -
926 2511 1018 2585 Lepet
1032 2511 1179 2568 hnmanoe
1189 2513 1277 2586 jnstoe

116 2607 117 2611 ’
215 2599 350 2673 oilipont
365 2598 400 2654 in
410 2598 616 2664 conpetenti&
633 2598 759 2672 injustae
774 2603 880 2655 antem
895 2615 958 2655 non
972 2598 1110 2671 oilipant
1120 2600 1184 2656 nisi
1198 2599 1276 2655 indi·

217 2693 299 2744 recte
309 2690 438 2762 propter
451 2688 637 2744 scandalum
652 2691 709 2744 ant
720 2686 808 2744 alind
828 2688 949 2744 matum
962 2687 1144 2745 citandum.
1154 2721 1188 2730 -
1197 2685 1277 2751 Quod

218 2777 259 2833 ad
278 2775 515 2832 cmuuetudines
539 2779 666 2851 spectat,
690 2776 726 2830 in
751 2776 937 2848 quibusdam
957 2775 1206 2834 circumstantiis
1218 2776 1276 2831 oin

218 2864 330 2922 notent
346 2864 419 2937 lepis
425 2882 436 2928 ;
453 2867 545 2938 atque
560 2865 658 2922 ctiam
670 2867 748 2938 lepec
762 2864 929 2922 enietcntec
944 2866 1129 2938 modificare
1147 2867 1196 2923 vel
1214 2882 1277 2920 mn·

218 2958 289 3012 tore
299 2957 441 3028 peccunt.

256 3079 333 3138 1214.
355 3079 428 3138 Lex
446 3084 504 3137 cst
517 3081 603 3138 ordo
618 3081 785 3137 rationis.
799 3111 834 3121 -
853 3083 929 3142 Nem
948 3081 999 3138 lex
1014 3083 1063 3138 est
1079 3082 1216 3156 quaedem
1234 3092 1275 3135 re

218 3168 292 3240 gule
310 3170 342 3226 et
357 3183 504 3226 mensura
522 3172 662 3235 actuum,
680 3169 835 3240 siquidem
850 3169 993 3226 homiues
1009 3171 1132 3227 inducit
1142 3171 1180 3226 ad
1194 3179 1275 3238 egeu-

219 3257 293 3312 dum
318 3258 370 3314 vei
398 3258 436 3312 ab
460 3258 580 3331 agendo
604 3257 749 3322 retrahit,
765 3259 910 3330 praecipit
937 3259 988 3315 vel
1006 3259 1162 3330 prohibet.
1189 3253 1273 3326 Atqui

218 3345 328 3414 regula
353 3346 385 3401 et
400 3360 549 3402 mensura
569 3346 716 3418 proxime
745 3347 873 3402 actuum
902 3348 1113 3409 humanorum
1135 3347 1182 3404 est
1202 3341 1274 3400 ratio

219 3432 367 3498 humane,
385 3436 496 3504 regule
510 3435 615 3490 autem
636 3447 691 3490 eeu
715 3450 863 3491 mensure
876 3436 980 3507 prima
994 3432 1275 3493 estvcritesdiviue

219 3522 252 3578 et
271 3523 359 3590 quasi
370 3524 452 3579 ratio
467 3523 531 3578 Dei.
547 3526 628 3592 Ergo
641 3523 693 3578 lex
704 3525 753 3580 est
771 3525 889 3593 aliquid
904 3525 1037 3582 rationis
1053 3525 1106 3596 (1).

255 3611 340 3666 Unde
360 3611 411 3667 lex
432 3625 494 3667 nou
519 3610 663 3682 estquod
678 3610 801 3684 ptacnit
826 3609 967 3686 principi
990 3614 1043 3678 vel
1070 3605 1273 3674 mutte'tndini·

252 3796 287 3860 (1)
304 3797 336 3846 v.
353 3799 382 3851 s.
402 3797 453 3848 ru.
471 3796 508 3856 12,
523 3797 570 3855 eo.
589 3811 616 3862 q.
632 3795 672 3856 90,
685 3811 709 3846 a.
728 3796 750 3845 1.
