2902 4548
172 393 176 404 ’
237 411 290 466 376
723 425 824 466 monn

238 539 399 598 gumentnm
412 533 624 584 3111111111-
637 532 705 582 1020.
722 533 830 584 Criticn.
843 559 873 569 -
890 530 959 580 1021.
975 527 1128 579 Conclusio.
1147 527 1313 576 Athoismns

237 611 313 656 sstns
327 603 482 670 possibilist

682 722 800 777 CAPUT
815 721 877 776 LXI

237 839 525 893 sismusinum
547 853 582 891 m·
609 853 757 894 senonim
783 855 819 892 nn
843 853 908 892 mus
934 821 1135 900 sinoniomsrn,
1160 849 1217 888 nis·

272 933 420 972 nmcmonn
438 933 472 972 nn
490 933 608 972 unnim
613 953 1212 974 ..................................
1254 911 1312 966 441

271 1023 340 1073 1022.
361 1023 450 1088 Hujus
471 1024 601 1072 tractatis
624 1022 743 1088 partitio.
761 1051 793 1060 -
816 1022 888 1074 1023.
906 1021 945 1072 Do
963 1024 1063 1072 nntnri
1083 1027 1110 1070 st
1130 1021 1237 1070 unitate
1259 1019 1315 1068 Dei

237 1097 400 1161 qnnstionss
414 1099 441 1144 st
451 1107 563 1144 sonoros.
1154 1111 1158 1119 ·

271 1185 378 1234 Tnnsts.
395 1209 425 1220 -
440 1184 555 1234 Natura
568 1183 667 1232 divina
682 1183 768 1244 lacios
788 1182 971 1232 constituitur
982 1198 1034 1244 per
1050 1181 1231 1230 existentiam
1244 1195 1265 1229 a
1285 1196 1315 1228 se

239 1270 287 1304 scu
301 1255 424 1303 ascitate.
439 1281 471 1290 -
484 1255 595 1303 Exinde
610 1257 707 1317 fluunt
727 1253 895 1316 simplicitas
916 1253 1043 1302 absoluta
1064 1253 1167 1301 dicinae
1186 1261 1314 1311 natarat,

240 1328 302 1387 ejus
318 1326 459 1374 distinctio
474 1326 507 1373 ai
521 1327 599 1374 omni
620 1326 680 1374 atta
699 1327 804 1374 notant
823 1339 931 1373 necnon
950 1324 1013 1384 ejus
1033 1324 1191 1374 unitcs51⁰
1208 1323 1316 1374 8111111-

240 1412 312 1446 ott-ss
337 1397 471 1445 absolata,
503 1397 616 1446 Natura
641 1397 716 1446 enim
741 1396 839 1444 divina
860 1411 1063 1460 qnamcnmqne
1088 1395 1315 1456 compositionem

240 1469 363 1518 concludit
372 1468 536 1531 (physicam,
545 1468 764 1530 metaphysicam
775 1477 801 1517 et
811 1467 1020 1528 lopioamI.—2⁰
1030 1467 1193 1516 nanneno.
1201 1467 1317 1516 Natura

241 1540 317 1589 enim
332 1540 428 1588 divina
443 1539 557 1588 nuliam
572 1547 707 1588 naturam
721 1539 899 1602 compositam
913 1539 1026 1599 inpredi
1033 1547 1136 1600 potest;
1149 1539 1225 1586 ande
1240 1539 1316 1586 Dens

241 1620 281 1660 est
291 1625 421 1674 persona.
436 1637 466 1646 -
482 1609 509 1660 3⁰
524 1610 638 1661 tinnis.
654 1609 728 1659 Nam
742 1625 818 1658 nnus
834 1617 873 1658 est
888 1611 970 1658 Dens.

274 1697 401 1751 1024111
420 1698 601 1748 constitnit
624 1697 703 1746 vsriae
727 1697 1150 1748 sentcntiae.—1025.Essentis
1171 1697 1265 1746 divina
1285 1697 1316 1746 in

244 1771 353 1820 assitsto
367 1771 523 1833 reponenda
537 1779 585 1819 est.
596 1797 627 1806 -
642 1769 711 1818 1026.
728 1768 905 1834 objectiones.
918 1797 949 1806 —
967 1767 1036 1818 1027.
1051 1770 1082 1818 In
1100 1771 1198 1818 naturi
1222 1768 1316 1818 divini

186 1837 189 1842 ’
243 1841 322 1892 nulls
336 1847 376 1889 ost
392 1841 561 1905 compositio.
582 1869 606 1877 -
628 1839 698 1888 1028.
719 1839 793 1889 Dens
813 1846 927 1890 nonest
947 1853 1054 1904 corpus.
1074 1839 1190 1890 -1029,
1213 1839 1244 1888 In
1258 1839 1315 1890 Deo

244 1927 300 1963 non
316 1919 357 1962 ost
370 1911 531 1974 compositio
548 1911 668 1961 matoriss
680 1917 707 1960 st
717 1911 819 1960 sormae.
835 1911 950 1964 -1030,
968 1911 998 1960 In
1013 1912 1068 1961 Deo
1086 1917 1193 1961 nonest
1203 1926 1315 1975 compo·

244 1985 308 2034 sitio
322 1983 511 2046 metaphysica.
530 2009 558 2020 -·
575 1982 644 2032 1031.
662 1983 727 2032 Esse
737 1982 862 2031 divinum
879 1988 906 2032 et
919 1997 967 2032 ons
976 1983 1007 2032 in
1021 1996 1120 2045 genero
1132 1997 1180 2032 son
1195 1983 1315 2032 abstrac-

245 2063 304 2105 tum
319 2061 519 2118 comparantur.
535 2081 566 2091 -
581 2054 652 2104 1032.
673 2055 732 2104 Non
750 2062 791 2102 est
808 2053 932 2103 accidens
951 2055 980 2103 in
996 2053 1191 2116 Deci-1833.
1211 2054 1242 2102 In
1259 2053 1316 2104 Deo

245 2141 301 2176 non
320 2131 361 2174 ost
383 2125 543 2187 compositio
567 2125 661 2186 logion.
682 2153 709 2162 -
726 2125 794 2173 1034.
809 2125 955 2176 Conclusio
977 2124 1047 2174 :Dei
1062 2125 1188 2174 absoluta
1206 2125 1317 2190 simpli-

245 2199 322 2247 citas.
344 2225 375 2234 -
400 2195 469 2246 1035.
496 2195 803 2260 Anthropomcrpliismi
824 2196 985 2246 absurditas.
1003 2221 1033 2232 -
1055 2195 1125 2246 1036.
1147 2197 1320 2245 Panthoismi

245 2283 328 2320 error.
345 2295 375 2306 —
388 2267 457 2317 1037.
469 2268 542 2317 Deus
552 2282 607 2318 non
620 2274 661 2316 ost
675 2268 788 2316 materia
804 2268 900 2330 prima.
913 2294 940 2304 -
955 2266 1027 2318 1038.
1047 2267 1120 2316 Dens
1134 2282 1191 2317 non
1208 2277 1250 2316 ost
1259 2268 1320 2330 ipss

247 2347 355 2390 nstnrs.
373 2366 402 2377 —·
419 2338 488 2388 1039.
506 2338 579 2388 Dens
596 2345 705 2388 nonest
723 2339 815 2387 anima
831 2338 937 2388 mnndi.
949 2365 979 2373 —
994 2337 1065 2388 1040.
1080 2339 1119 2387 Do
1138 2339 1320 2388 distinctione

247 2412 307 2461 Dei.
323 2439 354 2447 -
374 2410 443 2458 1041.
464 2410 618 2460 Conclusio.
636 2439 667 2446 —
685 2410 753 2458 1042.
777 2410 850 2459 Dens
869 2417 910 2459 est
926 2409 1084 2473 personalis.
1105 2410 1222 2460 -1043.
1244 2410 1319 2460 Deus

249 2497 321 2532 unns
338 2488 386 2532 ost.
402 2507 432 2516 -
448 2481 517 2531 1044.
534 2481 711 2544 Polytheismi
727 2481 886 2532 confutatio.
903 2481 1013 2530 -1045.
1027 2481 1152 2544 Ipsorum
1166 2481 1319 2546 polytheis-

248 2561 338 2603 torum
351 2552 492 2603 confessio.

677 2660 795 2714 CAPUT
810 2660 886 2722 LXII

249 2769 292 2822 Dn
310 2768 361 2820 Dm
380 2783 517 2821 vnnmsnn
535 2784 569 2821 nn
588 2783 722 2821 nommnn
732 2805 1225 2822 ...........................
1268 2767 1323 2821 152

282 2873 388 2922 Tnnsls.
401 2901 429 2910 -
440 2874 503 2924 Non
517 2874 609 2922 solnm
623 2875 697 2922 Dens
709 2882 748 2922 est
761 2889 843 2921 verns
852 2883 878 2922 et
887 2874 982 2928 bonas,
995 2873 1042 2921 sed
1055 2882 1094 2920 est
1108 2873 1194 2921 etiam
1209 2873 1324 2922 Veritas

250 2947 415 3006 Bonnmqne
438 2960 602 3008 supremam
629 2954 654 2993 et
680 2945 838 2993 subsistens.
861 2972 892 2981 -
917 2945 1005 2995 Nnilo
1034 2945 1113 2992 modo
1141 2944 1210 2994 nelle
1232 2951 1325 3007 potest

251 3016 361 3064 malam
373 3015 479 3064 morale
495 3031 543 3064 sea
557 3026 716 3078 peccatam;
726 3044 758 3052 —
771 3018 817 3064 sed
831 3016 907 3064 illud
918 3015 1080 3078 permittere
1090 3024 1179 3077 potest
1195 3021 1228 3064 in
1245 3031 1325 3064 crea·

253 3087 327 3145 turci,
345 3113 376 3122 —
392 3085 476 3148 cnjus
493 3087 614 3135 malitiae
634 3088 730 3135 omnia
750 3087 829 3136 mala
851 3087 974 3135 moralia
996 3087 1177 3134 adscribenda
1199 3097 1276 3135 sunt.
1294 3114 1323 3124 -

254 3159 329 3212 Quod
345 3159 381 3206 ati
406 3158 516 3206 malum
538 3158 687 3220 physicum
709 3159 818 3214 attinet,
834 3159 963 3219 coesnrpit
986 3173 1021 3206 ex
1033 3155 1141 3206 nataris
1159 3157 1327 3220 imperfecta

251 3243 351 3278 rerum
366 3229 408 3277 vel
420 3244 457 3276 ecc
473 3229 805 3278 maliticioreatnrarnm.

285 3317 355 3367 1046.
370 3317 444 3367 Deus
458 3325 498 3366 est
512 3317 570 3382 ipss
585 3317 699 3366 Veritas.
717 3344 747 3352 -
762 3317 830 3366 1047.
849 3317 922 3366 Deus
937 3323 978 3368 ost
999 3317 1101 3366 bonnm
1116 3329 1277 3380 supremum
1299 3323 1327 3366 ot

254 3388 413 3439 subsistens.
430 3415 461 3424 -
483 3389 553 3437 1048.
572 3389 677 3437 Bonum
699 3402 861 3452 supremum
887 3395 913 3438 st
936 3389 1005 3438 bons
1027 3387 1204 3448 particularis
1222 3387 1327 3438 distin-

255 3465 388 3523 guuntur.
400 3487 432 3496 —
442 3459 503 3508 1049
527 3459 622 3509 Omnis
635 3465 759 3509 cresium
773 3461 801 3508 in
814 3460 901 3508 Deum
915 3458 1011 3508 tendit.
1031 3487 1058 3495 -
1071 3457 1143 3507 1050.
1163 3457 1326 3508 Manichaeo-

257 3545 319 3581 rum
332 3529 454 3595 objectio.
468 3559 498 3566 -—
516 3531 585 3581 1051.
602 3531 752 3582 Soluticnis
766 3530 909 3595 principis.
920 3529 1033 3579 -1052,
1051 3528 1124 3578 Dens
1142 3543 1252 3592 peccans
1269 3544 1326 3579 non

257 3608 352 3666 potest.
376 3629 406 3638 —-
426 3601 495 3650 1053.
522 3601 595 3651 Dens
623 3609 762 3666 peccatum
787 3603 816 3650 in
840 3604 966 3651 creaturi
990 3599 1148 3664 permittere
1175 3607 1276 3662 potest.
1296 3628 1327 3637 -

258 3673 410 3722 1054111111
421 3673 523 3722 malum
536 3673 670 3736 permittit
684 3673 717 3722 nd
728 3675 816 3738 msJ'ns
832 3673 933 3722 bonum
945 3671 1135 3722 obtinendum.
1144 3697 1173 3708 -
1184 3671 1255 3721 1055.
1266 3671 1329 3720 Sola

257 3749 388 3793 creaturos
406 3745 511 3792 mslitia
521 3751 561 3794 est
574 3760 655 3793 conss
668 3747 780 3809 peccati.
793 3773 821 3782 -
838 3743 910 3792 1050.
924 3743 990 3792 Mali
1000 3743 1103 3808 physici
1114 3757 1213 3792 causis.
