2790 4546
245 379 300 434 222
729 396 842 439 urnach

246 505 320 561 alibi
344 507 463 565 dictum
487 511 545 575 est,
569 511 602 566 et
624 509 678 565 alii
698 509 841 588 morales,
864 505 1030 574 dequibus
1052 503 1212 573 sequentia
1226 516 1300 558 asse-

248 598 365 653 runtur
380 613 388 652 :

281 705 401 760 Tussis.
427 735 462 745 —
483 703 572 761 Inter
590 720 697 760 omnes
718 702 841 758 habitus
863 698 1052 758 nobilissimi
1074 701 1150 756 sunt
1168 697 1298 762 virtutes,

245 823 279 834 -
301 808 367 864 qua
389 789 584 850 naturaliter
607 793 818 865 acquiruntur
844 789 1002 856 exercitio,
1019 820 1053 832 -
1074 791 1105 844 et
1131 785 1301 844 necessariae

243 883 317 936 sunt
337 881 378 937 ad
396 880 566 938 ebibendum
591 882 724 938 honeste.
746 912 781 924 -
805 879 897 936 Recte
917 879 1160 951 distinquuntur
1181 878 1303 950 quatuor

244 969 376 1026 uirtutes
391 971 570 1027 cardinales
588 991 597 1026 :
614 970 798 1046 prudentia,
815 967 954 1042 justitie,
978 967 1130 1040 fortitudo
1149 968 1178 1022 et
1199 969 1303 1039 tempe·

243 1060 372 1124 rantia;
387 1078 453 1133 quoe
467 1059 503 1116 in
518 1061 651 1132 quodam
669 1059 769 1116 medio
784 1057 957 1115 consistunt
974 1088 1006 1100 -
1022 1059 1051 1112 et
1067 1056 1116 1112 ita
1129 1057 1305 1111 connectun·

243 1151 296 1205 tur
310 1152 344 1205 ut
361 1167 427 1204 una
452 1150 563 1222 absque
581 1149 690 1206 ceteris
710 1147 818 1205 baberi
841 1165 904 1203 non
923 1145 1029 1221 possit.
1054 1178 1088 1188 -
1107 1143 1165 1200 His
1180 1146 1304 1216 quatuor

243 1241 399 1311 repuntur
421 1255 528 1295 omnes
545 1238 717 1313 passiones,
743 1253 849 1294 omnes
870 1239 957 1292 actus
979 1231 1113 1291 humani
1132 1236 1161 1289 et
1178 1248 1303 1306 persona

242 1327 312 1400 ipso
322 1346 334 1392 ,·
349 1328 432 1384 unde
454 1345 491 1384 ea
512 1328 624 1384 iisdem
644 1325 795 1403 perfectio
820 1325 951 1382 moralis
975 1323 1170 1380 naturaliter
1195 1320 1303 1379 consti-

243 1415 354 1474 tuitur.
372 1450 405 1458 -
433 1417 606 1474 Virtutibus
630 1420 830 1492 opponuntur
852 1413 932 1473 vitia
956 1416 985 1470 el
1004 1415 1179 1488 peccatum,
1206 1410 1302 1483 quibus

243 1505 333 1560 honio
357 1506 588 1564 dehonestatur.
606 1539 639 1547 -
663 1505 769 1579 Supra
791 1505 925 1561 virtutes
946 1502 1121 1568 naturales,
1151 1503 1226 1557 sunt
1248 1501 1302 1555 oir-

242 1597 323 1650 tutes
345 1595 510 1651 nobiliores
526 1596 629 1651 adhuc
650 1595 760 1668 quibus
778 1595 943 1650 moralitas
963 1609 1017 1648 seu
1044 1590 1193 1665 perfectio
1216 1591 1302 1646 cbris-

243 1683 335 1738 tiana
349 1683 559 1740 constituitur.

279 1809 357 1864 1199.
387 1810 576 1866 Virtutum
607 1809 891 1881 praestantia-
924 1807 1116 1863 Nobilissimi
1145 1808 1300 1864 habituum

242 1901 316 1954 sunt
333 1899 484 1955 virtutes.
508 1902 584 1954 Nam
605 1914 667 1955 non
688 1899 789 1954 solum
813 1898 980 1968 perficiunt
1000 1897 1104 1951 actum
1129 1898 1180 1952 vel
1203 1899 1301 1968 poten·
1385 1927 1386 1956 t

240 1988 317 2043 iiam
338 1988 474 2056 aliquam
499 1989 668 2058 operantis,
692 1988 774 2043 sicut
793 1987 932 2042 scientiae
956 1988 988 2042 et
1011 1987 1106 2050 artes,
1130 1987 1185 2041 sed
1206 1987 1298 2058 ipsum

241 2078 433 2146 operantem,
449 2075 540 2146 quem
564 2077 713 2133 ordinant
732 2077 770 2131 ad
796 2077 910 2132 bonum
937 2075 1122 2146 perfeetum,
1139 2076 1171 2131 id
1194 2077 1249 2141 est,
1267 2075 1299 2130 od

241 2165 336 2220 finem
357 2165 504 2221 ultimum
527 2165 568 2237 (v.
594 2181 622 2220 n.
646 2167 719 2236 441).
741 2166 827 2221 Unde
849 2165 925 2220 dicit
948 2165 1164 2232 Augustinus:
1187 2185 1201 2214 a
1215 2166 1299 2219 Nemo

240 2255 346 2309 autem
361 2254 516 2309 dubitabit
531 2255 612 2323 qubd
628 2255 731 2310 virtus
747 2255 884 2309 animam
899 2253 972 2310 facit
983 2255 1134 2324 optimam
1147 2273 1171 2321 ι,
1183 2255 1214 2308 et
1228 2254 1299 2330 Aris-

240 2343 351 2399 toteles
368 2361 374 2398 :
393 2363 405 2393 a
423 2345 531 2398 Virtus
546 2345 593 2399 est
607 2358 675 2412 quae
695 2344 810 2399 bonum
827 2344 901 2398 tacit
917 2343 1079 2398 habentem
1096 2345 1128 2398 et
1148 2357 1226 2414 opus
1239 2342 1298 2410 ejus
1384 2353 1385 2372 ³

240 2431 356 2487 bonum
372 2431 501 2486 reddit»
515 2431 562 2501 (l).
575 2431 661 2486 Unde
676 2432 759 2486 idem
775 2433 969 2500 Augustinus
984 2431 1132 2486 observat
1151 2431 1232 2499 qubd
1246 2431 1299 2484 vir-

240 2522 360 2576 tutibus
376 2521 481 2575 nullus
497 2521 575 2575 male
591 2521 695 2576 utitur
710 2521 758 2590 (2),
781 2521 855 2576 dum
871 2520 1009 2575 scientiis
1032 2522 1063 2574 et
1087 2520 1210 2576 artibus
1233 2533 1298 2588 quo-

239 2611 315 2666 tidie
331 2611 507 2666 abutuntur
520 2611 673 2666 homines.

277 2735 355 2788 1200.
375 2735 503 2790 Virtus
521 2736 693 2791 exercitio
712 2735 931 2790 naturaliter
949 2736 1162 2806 acquiritur.
1183 2737 1299 2793 Virtus
1383 2785 1384 2800 ,

240 2827 278 2878 et
297 2824 492 2892 hereditas.
509 2826 675 2887 -Virtus,
695 2826 765 2879 ciam
782 2825 823 2879 sit
835 2825 998 2895 dispositio
1014 2825 1188 2882 voluntatis
1203 2828 1297 2882 liberae

239 2911 277 2966 ad
297 2911 424 2976 bonum,
441 2914 545 2968 oritur
568 2914 757 2968 naturaliter
777 2929 817 2969 911
840 2914 961 2970 actibus
986 2915 1139 2984 repetitis,
1162 2919 1198 2971 ut
1220 2919 1298 2986 patet

239 3001 365 3058 aliunde
387 3002 592 3071 experientia.
614 3005 680 3057 Non
694 3003 798 3072 potest
820 3005 922 3058 autem
946 3003 1023 3058 oriri
1045 3018 1085 3058 911
1101 3005 1167 3060 solt,
1190 3003 1298 3060 heredi-

239 3091 323 3152 tate}
346 3105 434 3146 secam
455 3092 538 3146 enim
560 3093 627 3160 jam
652 3107 713 3146 non
738 3092 880 3147 differret
903 3107 921 3146 a
945 3091 1149 3160 qualitatibus
1172 3093 1298 3162 physicis

239 3179 289 3232 vel
310 3178 519 3238 sensibilibus,
537 3181 573 3236 ut
590 3179 663 3234 alibi
679 3181 839 3234 ostensum
854 3182 901 3234 est
915 3181 957 3248 (n.
972 3179 1050 3250 981).
1069 3181 1127 3236 Sed
1147 3197 1202 3250 per
1214 3183 1297 3237 hore-

237 3268 366 3322 ditatem
382 3269 646 3323 transmittuntur
665 3269 860 3324 solummodo
881 3269 1101 3339 dispositiones
1119 3272 1157 3326 ad
1181 3272 1297 3326 habitus
1382 3287 1383 3312 1

237 3357 386 3426 quosdam
403 3351 509 3419 bonos,
527 3358 577 3411 vei
593 3357 702 3412 malos.

273 3483 351 3565 1201.
367 3481 534 3567 Virtutes
552 3485 639 3537 sunt
660 3483 883 3539 necessariae.
904 3513 939 3524 -
959 3487 999 3539 De
1016 3487 1200 3541 necessitate
1216 3485 1300 3540 habi-

236 3571 326 3624 tuum
343 3584 378 3624 ac
396 3569 526 3639 proinde
541 3569 695 3625 virtutum
711 3571 778 3639 jam
794 3572 869 3627 alibi
892 3572 1029 3628 diximus
1053 3574 1097 3642 (n.
1116 3577 1166 3630 501
1183 3577 1213 3630 et
1226 3574 1296 3644 984).

270 3745 306 3809 (1)
320 3747 344 3796 S·
361 3746 421 3801 Th..
434 3747 471 3821 p,
482 3747 528 3806 es,
547 3761 572 3810 q.
585 3746 624 3804 55,
640 3762 665 3796 a.
682 3747 708 3797 3.

270 3809 305 3873 (2)
317 3809 343 3858 S.
359 3808 418 3867 Th,
434 3810 514 3872 ibid,
530 3823 554 3859 a.
570 3809 596 3862 4.
