2790 4546
348 405 448 447 carui·
466 406 613 448 axx11.·-
628 403 678 448 Nos
696 393 774 458 1210,
793 391 872 454 l2ll.
891 392 967 449 1212.
1140 393 1195 450 229

132 513 234 569 contra
256 513 354 570 solam
379 515 479 583 legam
501 514 658 581 divinam;
676 529 746 570 nam
771 515 836 571 sive
855 516 987 572 rationis
1000 515 1192 587 praeceptum

134 603 195 658 sive
210 604 261 658 lex
275 603 383 658 divina
406 603 542 673 positiva
565 604 710 660 oriuntur
724 603 762 658 ab
777 604 884 660 eadem
905 605 970 674 lege
986 603 1114 660 aeterna.
1127 605 1193 675 Ap-

133 692 224 762 posite
238 693 266 746 S.
282 692 342 747 Th.
362 707 369 745 :

165 799 258 854 Habet
271 800 359 856 actus
375 799 531 854 humanus
547 799 628 868 qudd
643 799 685 854 sit
701 800 801 854 malus
817 813 855 854 ex
874 814 909 854 eo
930 799 1011 868 quod
1033 800 1119 855 caret
1138 799 1193 855 de-

131 869 190 926 bita
208 871 520 927 commensuratione.
542 870 647 926 Omnis
671 877 776 926 autem
801 870 1065 926 commensuratio
1086 869 1192 938 quus·

131 956 253 1008 cumque
263 942 309 998 rei
318 941 555 1010 attenditurper
565 941 829 1011 comparationem
841 942 879 996 ad
888 940 1023 1009 aliquam
1035 943 1190 1010 regulam

16 1057 17 1070 .
129 1011 214 1080 aqua
228 1013 253 1068 si
268 1013 417 1072 divertat,
431 1013 716 1067 incommensurata
732 1012 801 1068 erit.
817 1013 934 1080 Regula
954 1015 1059 1068 autem
1073 1013 1190 1068 volun-

16 1083 17 1142 }
130 1084 197 1138 tatis
220 1084 364 1139 humanae
391 1085 439 1140 est
470 1084 611 1154 duplex:
634 1098 697 1138 una
720 1083 897 1154 propinqua
928 1084 960 1138 et
989 1083 1190 1153 homogenea,

16 1217 17 1220 Ἴ
129 1154 240 1210 scilicet
254 1156 322 1224 ipsa
345 1157 482 1210 humana
496 1155 577 1211 ratio
590 1171 597 1219 ;
618 1155 685 1210 alia·
702 1157 778 1209 vero
794 1156 842 1209 est
856 1155 960 1224 prima
972 1153 1091 1222 regula,
1110 1156 1191 1210 scili·

130 1227 174 1280 cet
192 1225 241 1280 lex
265 1227 383 1282 aeterna
401 1241 469 1294 quae
494 1228 542 1282 est
566 1225 655 1294 quasi
681 1225 763 1280 ratio
796 1225 895 1280 Dei...
932 1226 1056 1295 (Deinde
1084 1225 1191 1282 subdit

15 1289 17 1302 ²
130 1296 163 1350 ad
176 1297 330 1366 quintum)
349 1313 356 1351 :

161 1367 355 1436 Atheologis
388 1368 604 1424 consideratur
631 1368 793 1438 peccatum
826 1367 984 1436 praecipue
1018 1367 1188 1438 secundum

130 1439 204 1504 dudd
217 1441 263 1494 est
281 1440 399 1494 offensa
422 1443 531 1494 contra
552 1442 668 1494 Deum:
691 1453 709 1493 a
730 1439 916 1509 philosopho
940 1439 1045 1492 autem
1066 1438 1189 1505 morali,

130 1510 291 1564 secundum
320 1511 399 1578 quod
424 1511 639 1566 contrariatur
669 1510 796 1564 rationi.
826 1512 862 1564 Et
894 1509 963 1564 ideo
993 1510 1188 1578 Augustinus

129 1581 358 1636 convenientius
373 1580 483 1637 delinit
494 1582 654 1650 peccatum
671 1595 709 1635 ex
724 1579 780 1634 hoc
795 1580 877 1648 quod
892 1581 940 1635 est
955 1585 1066 1634 contra
1087 1580 1186 1650 legem

130 1652 280 1712 aeternam,
293 1653 385 1719 quam
402 1667 441 1707 ex
456 1652 514 1707 hoc
528 1652 610 1719 qnod
625 1653 736 1708 contra
750 1651 922 1716 rationem3
943 1652 1101 1721 praecipue
1116 1653 1186 1706 cum

15 1763 16 1780 .
129 1722 289 1792 perlegam
305 1725 455 1778 aeternam
472 1723 654 1791 regulemur
668 1724 700 1778 in
717 1722 824 1777 multis
840 1736 908 1790 quae
923 1723 1079 1778 excedunt
1093 1723 1186 1778 ratio·

15 1841 16 1872 ἐ
129 1805 192 1848 nem
208 1794 388 1863 humanam,
404 1795 487 1850 sicut
501 1795 535 1848 in
549 1795 678 1862 hisquae
693 1794 768 1848 suut
782 1792 854 1848 fidei
868 1793 918 1863 (l).

159 1928 318 1982 Peccatum
339 1932 386 1982 est
407 1927 579 1982 maximum
606 1927 859 1991 malorum,ci1m
884 1927 1042 1982 hominem
1062 1928 1187 1983 avertat

14 2003 16 2050 ἶ
126 2014 212 2070 atine
226 2031 282 2071 suo
299 2017 423 2078 ultimo,
439 2015 472 2071 id
492 2017 550 2080 est,
567 2031 689 2071 summo
705 2015 795 2070 bono.
811 2016 956 2070 Attamen
976 2015 1100 2072 nonnisi
1115 2030 1187 2086 pec·

125 2105 221 2158 catum
236 2103 370 2159 mortale
385 2105 430 2160 sic
444 2105 563 2161 avertit
584 2104 742 2160 hominem
762 2119 781 2159 a
802 2119 858 2160 suo
883 2103 943 2159 line
959 2104 1086 2170 ultim0;
1103 2105 1185 2160 unde

125 2192 232 2249 dicitur
252 2194 394 2257 mortale,
412 2194 485 2262 quia
502 2195 549 2249 est
569 2193 683 2249 natura
707 2193 765 2249 sua
789 2193 1004 2264 irreparabile.
1021 2196 1184 2249 Peccatum

13 2349 14 2352 Ἴ
126 2281 223 2337 autem
238 2281 371 2346 veniale,
386 2283 459 2338 licet
473 2283 506 2338 in
522 2283 642 2351 objecto
657 2283 805 2338 videatur
816 2283 971 2350 gradatim
987 2282 1131 2338 accedere
1147 2284 1185 2337 ad

123 2373 275 2438 paccatum
303 2372 444 2436 mortale,
468 2371 562 2426 abeo
589 2372 695 2426 differt
722 2373 790 2427 toto
814 2372 1023 2439 generenam
1046 2385 1106 2426 non
1132 2387 1185 2426 ex·

13 2433 14 2518 J
124 2457 223 2514 cludat
250 2474 390 2514 amorem
415 2475 597 2530 supremum
622 2459 695 2515 boni
720 2460 854 2516 honesti*
872 2474 908 2514 ac
929 2459 1059 2530 proinde
1084 2453 1183 2530 ipsius

125 2548 173 2602 Dei
188 2548 236 2618 (a).

157 2682 232 2737 lala.
253 2684 304 2738 De
314 2683 520 2738 virtutibus
535 2683 785 2753 superioribus
801 2697 808 2738 :
825 2682 908 2748 ilde,
924 2695 989 2752 spe
1013 2686 1051 2738 et
1063 2683 1184 2740 chari-

121 2773 193 2826 tate
209 2770 256 2841 (3).
272 2799 305 2810 -
322 2774 422 2842 Supra
432 2772 568 2827 virtutes
592 2772 750 2827 naturales
763 2772 800 2826 de
814 2771 926 2838 quibus
948 2771 1108 2840 hucusque
1123 2773 1184 2828 dic·

12 2911 13 2914 ,
122 2861 183 2914 tum
212 2861 270 2922 est.
300 2861 376 2915 suut
393 2861 530 2916 virtutes
557 2862 747 2931 superiores
777 2875 846 2929 quae
876 2875 915 2915 ax
938 2861 1129 2917 revelatione
1152 2864 1184 2918 et

12 2969 13 3020 i
122 2949 217 3015 gratia
235 2949 394 3014 oriuntur,
411 2949 570 3018 inprimis
584 2947 670 3020 sides,
682 2965 749 3022 spes
765 2950 796 3004 et
811 2949 959 3005 charitas.
970 2951 1062 3006 Recte
1077 2950 1183 3006 dicun-

12 3037 13 3050 *
122 3037 171 3092 tur
184 3037 376 3109 theolopales,
395 3040 464 3094 cum
480 3053 589 3094 earum
600 3039 758 3108 objectum
774 3039 816 3094 sit
835 3039 902 3109 ipse
925 3041 1014 3093 Deus.
1032 3039 1089 3094 Sed
1104 3039 1182 3095 ordo

122 3127 364 3196 supernaturalis
398 3128 526 3184 moralis
560 3143 621 3183 non
656 3127 757 3184 solum
785 3128 1022 3199 comprehendit
1046 3127 1182 3184 virtutes

123 3213 304 3284 theologicas
328 3216 449 3285 aliaque
470 3217 551 3272 dona
569 3217 833 3288 supernaturalia.
854 3217 907 3273 sed
931 3218 1026 3272 etiam
1046 3216 1182 3272 virtutes

123 3304 285 3367 naturales,
311 3305 471 3361 camisiae
502 3306 667 3362 eleventur
695 3307 726 3361 et
758 3306 971 3362 informantur
998 3304 1182 3361 charitate:

122 3391 218 3458 gratia
230 3392 313 3447 enim
328 3393 452 3463 perlicit
466 3396 624 3451 naturam.

148 3577 181 3638 (1)
195 3578 231 3637 1³,
247 3579 296 3641 2⁰⁹,
310 3596 334 3644 q.
351 3581 392 3638 71,
410 3597 433 3630 a.
451 3582 475 3630 6.

147 3647 180 3708 (2)
193 3649 230 3710 1⁸,
246 3651 294 3710 2³⁸,
308 3668 334 3717 q.
351 3651 392 3706 88,
408 3669 432 3701 a.
451 3653 463 3700 l
479 3659 574 3718 etseq.

148 3718 182 3781 (3)
194 3721 231 3778 22,
247 3722 331 3786 2⁰,q.
349 3723 415 3772 i-la.
