2910 4568
360 439 460 482 carun
480 441 566 482 xnrx.
584 457 618 467 -
632 433 679 482 n⁰⁵
692 425 755 492 830,
772 426 836 495 831,
850 427 914 493 832,
930 426 992 481 833.
1180 426 1217 482 59

142 548 235 604 mum
256 562 384 618 agemus
407 550 443 606 de
466 549 665 608 distinctione
689 553 721 607 et
744 566 875 608 numero
898 565 1048 608 sensuum
1072 551 1216 607 interno·

141 650 230 701 rum,
245 631 380 706 quorum
391 641 479 694 actus
491 640 575 695 inter
588 655 620 696 se
630 641 663 696 et
681 655 751 696 cum
768 641 839 696 aliis
850 639 980 710 subjecti
997 639 1216 696 affectionibus

143 725 258 783 multis
282 727 383 782 modis
407 728 635 795 consociantur,
652 729 698 784 ita
721 731 756 785 ut
770 744 930 800 nunquam
945 743 1027 785 unus
1045 731 1133 784 actus
1152 728 1216 783 ali·

142 813 239 882 cujus
254 815 404 885 potentiae
423 816 555 872 seorsim
570 817 771 888 producatur.
786 820 874 882 Nam,
890 833 940 873 ex.
955 832 1013 888 gn,
1031 831 1112 873 unus
1127 818 1216 872 actus

146 905 310 960 memoriae
338 906 473 974 aliquem
508 909 614 962 ectum
641 908 815 978 phantasiae
843 908 1005 979 importat,
1034 909 1066 963 et
1088 907 1216 964 aliunde

146 996 317 1064 utriusque
332 997 552 1053 conscientiam
574 1001 734 1068 provocat.
751 998 866 1054 Deinde
889 999 1040 1054 memoria
1060 999 1154 1054 unius
1169 997 1217 1056 rei

146 1083 182 1138 in
199 1085 381 1140 memoriam
396 1085 527 1142 alterius
547 1087 678 1151 inducit,
693 1087 774 1143 sicut
788 1087 971 1156 imaginatio
987 1088 1080 1144 unius
1095 1087 1217 1151 inducit

143 1174 180 1228 in
200 1173 457 1243 imaginationem
484 1175 628 1232 alterius·
643 1177 799 1232 Praeterea
821 1177 973 1232 memoria
996 1178 1028 1232 et
1051 1176 1219 1248 phantasia

143 1262 294 1318 alliciunt
305 1263 479 1334 appetitum
496 1265 685 1330 sensibilem,
702 1265 755 1334 qui
772 1264 936 1336 multiplex
947 1267 1001 1322 est.
1016 1267 1146 1338 Insuper
1159 1281 1218 1335 po-

144 1352 257 1407 tentiae
279 1352 481 1407 intellectivac
503 1353 651 1410 facillime
679 1355 849 1409 moventur
872 1354 1020 1426 potentiis
1044 1354 1216 1410 sensitivis.

144 1441 266 1498 Exinde
286 1433 390 1497 or'itur
404 1441 571 1497 difficultas
586 1443 798 1510 distinguendi
822 1443 927 1498 varias
949 1443 1066 1512 species
1088 1445 1217 1498 actuum

142 1532 178 1586 et
193 1531 418 1601 potentiarum.
435 1533 522 1585 Nunc
541 1533 646 1586 autem
662 1531 784 1599 agimus
800 1531 994 1588 solummodo
1009 1532 1046 1586 de
1066 1533 1217 1602 potentiis

142 1619 368 1688 cognoscitivis
392 1619 590 1675 sensibilibus
605 1635 673 1688 quae
697 1623 772 1676 sunt
795 1622 928 1676 internae
943 1625 974 1676 et
992 1621 1153 1690 speciatim
1179 1620 1217 1676 de

144 1723 243 1766 sensu
258 1709 416 1764 communi
432 1723 485 1763 seu
500 1709 692 1765 conscientia
705 1709 865 1765 sensitiva.

182 1815 308 1870 Transis.
326 1844 363 1856 -
388 1814 437 1868 Ad
455 1818 589 1886 quatuor
607 1817 798 1870 revocantur
816 1831 922 1870 amnes
948 1815 1094 1888 potentia
1121 1813 1217 1870 sensi-

147 1902 223 1959 biles
238 1901 448 1974 capnoscitioae
462 1905 491 1958 et
509 1902 651 1972 interme,
669 1921 734 1974 quae
752 1903 797 1958 sic
810 1907 1023 1959 numerantur
1040 1922 1049 1956 .·
1069 1907 1094 1958 1ο
1108 1917 1216 1958 sensus

146 1991 325 2048 communis
346 1991 410 2063 (qui
429 1993 546 2048 dicitur
568 1994 663 2048 etiam
688 1994 879 2064 conscientia
892 1993 1048 2050 sensibilis
1062 1994 1112 2048 vel
1125 1993 1218 2048 abso-

147 2082 215 2138 lute
224 2095 333 2136 sensus
343 2080 498 2152 internus)
506 2098 513 2147 ;
522 2080 798 2153 -20ima9inatio,·
806 2085 876 2138 -30
886 2079 1086 2144 aestimativa,
1096 2096 1162 2152 quae
1173 2083 1217 2135 esi

147 2168 307 2238 quoddam
325 2167 486 2239 judiciam
502 2167 701 2242 particulare
715 2187 751 2224 ea
766 2168 941 2231 instinctn;
958 2200 991 2209 -
1008 2171 1040 2224 4⁰
1063 2166 1218 2222 memoria

148 2255 315 2313 sensibilis.
337 2255 449 2312 -Isti
475 2260 608 2329 metuar
628 2273 747 2321 sensas,
773 2260 844 2312 edm
866 2255 1045 2312 innomine
1071 2255 1217 2329 potentiis

147 2344 349 2402 intellectieis
365 2347 561 2410 moveantur,
577 2345 620 2400 ibi
636 2362 751 2401 manns
766 2345 899 2400 nobilius
917 2347 1072 2418 praestant
1079 2362 1091 2408 ;
1108 2345 1162 2400 sed
1183 2343 1218 2398 in

148 2435 344 2492 animalibus
364 2435 405 2491 ad
429 2451 511 2490 nova
532 2439 561 2490 ct
583 2433 745 2491 mirabilia
759 2451 854 2508 opera
877 2434 1001 2491 eiciendi
1022 2435 1163 2507 possunt.
1183 2465 1217 2474 -

148 2525 240 2589 and
255 2525 296 2579 ad
310 2541 436 2580 sensum
449 2540 648 2580 communem
664 2523 784 2588 attinet,
801 2526 845 2579 est
855 2523 998 2598 potentia
1014 2521 1173 2588 distincta,
1183 2553 1217 2563 -

146 2617 210 2686 qua
235 2613 444 2687 capnoscimas
466 2630 527 2668 non
549 2613 650 2670 saliem
672 2616 797 2669 nostras
818 2610 1020 2680 sensationes,
1044 2611 1098 2667 sed
1120 2609 1217 2668 etiam

143 2705 292 2758 nostram
312 2717 441 2775 corpas;
457 2734 491 2743 —
511 2703 578 2774 ejus
601 2701 797 2766 caercitium,
813 2702 933 2758 narare
957 2703 1026 2766 sad,
1046 2717 1110 2755 non
1132 2704 1219 2754 ante·

145 2790 231 2848 cedit
250 2790 304 2845 sed
318 2790 422 2864 potiris
444 2791 644 2863 consequitur
660 2790 870 2866 operationem
894 2805 1043 2844 sensnum
1070 2791 1218 2845 caterno-

147 2898 248 2940 rum;
265 2910 300 2922 -
321 2879 388 2953 ejas
407 2880 502 2947 sedes,
521 2878 711 2954 principalis
731 2879 854 2948 saltem,
876 2878 911 2933 in
933 2878 1056 2934 cerebro
1081 2893 1146 2933 esse
1170 2877 1220 2931 oi-

144 2971 252 3026 detur.

182 3113 249 3169 833.
269 3113 448 3170 Sensuum
461 3113 686 3170 internorum
700 3112 845 3168 divisio.
865 3141 899 3150 -
914 3114 1025 3166 Omnes
1043 3111 1131 3166 actus
1152 3124 1218 3165 sen·

148 3203 316 3261 sibilitatis
331 3203 461 3258 internae
476 3205 665 3258 revocantur
681 3201 719 3256 ad
734 3203 871 3270 quatuor
891 3200 1019 3271 species,
1033 3213 1101 3267 quae
1116 3199 1218 3272 requif

147 3292 271 3350 runtur
285 3294 317 3346 et
327 3292 488 3347 sufficiunt
502 3291 541 3346 ad
555 3291 653 3348 vitam
670 3290 835 3346 animalem
852 3289 1006 3344 internam
1024 3305 1030 3342 :

185 3395 214 3447 1ο
228 3387 347 3446 Sensus
356 3387 541 3443 commanis.
555 3420 588 3428 —
605 3389 709 3444 Prima
720 3387 844 3456 quidem
856 3385 1009 3442 sentimus
1019 3398 1075 3440 nos
1089 3384 1217 3450 vidisse,

145 3481 288 3543 audisse,
304 3480 375 3543 etc,
393 3493 561 3548 omnesque
576 3478 769 3534 sensationes
785 3477 931 3532 externas
951 3475 1082 3529 intense
1097 3489 1219 3546 compa·
1296 3511 1299 3517 ·

144 3583 258 3628 ramus
274 3571 306 3624 et
321 3569 558 3638 distinguimus.
583 3567 659 3622 Hinc
674 3581 783 3622 sensus
799 3564 984 3627 communis,
1001 3564 1053 3631 qui
1067 3563 1115 3618 est
1129 3565 1218 3631 quasi

145 3660 244 3716 radix
260 3657 436 3714 communis
452 3659 483 3712 et
496 3656 689 3727 principium
706 3656 892 3711 ceterorum.
909 3653 954 3708 Ad
969 3667 1035 3707 rem
1057 3654 1088 3706 S.
1108 3653 1182 3708 Tm:

181 3773 369 3832 Discernere
390 3771 494 3827 album
515 3785 534 3826 a
556 3771 721 3826 dulcinen
746 3770 850 3838 potest
872 3781 972 3835 neque
995 3767 1092 3830 visua,
1118 3781 1218 3836 neque

144 3847 280 3918 gustus3
297 3844 371 3910 quia
381 3843 505 3912 oportet
517 3843 599 3910 quod
610 3842 756 3910 quiinter
770 3841 875 3908 aliqua
890 3839 1039 3894 discernit
1049 3841 1219 3906 utrumque
