2910 4568
221 383 257 436 88
650 398 868 441 rsrcaonoom

223 507 371 577 opposuit
403 507 516 562 animae
539 524 546 562 :
573 509 677 578 passio
698 511 782 564 enim
805 511 910 566 oritur
930 526 970 567 ex
992 511 1295 583 ipsaoonJunctione

224 595 426 651 substantiali
442 597 583 666 corporis
599 598 631 652 et
645 598 768 654 animae.

262 684 349 740 Plato
372 685 519 740 distinxit
542 687 667 753 quidem
697 688 937 759 concupiscibile
966 690 1005 745 ab
1030 690 1197 756 irascibili,
1229 693 1293 756 sed,

217 775 356 844 ‘propter
371 787 459 828 suam
476 773 631 830 theoriam
644 777 769 832 unionis
784 778 982 834 accidentalis
998 780 1111 835 animae
1135 795 1206 836 cum
1223 796 1294 836 cor—

225 876 311 931 pore,
329 862 438 917 habuit
453 864 612 932 passiones
626 867 775 933 tanquam
800 867 912 921 animae
933 868 1127 924 extrinsecas
1149 870 1181 924 et
1196 871 1294 926 malas

226 952 281 1006 aut
296 951 406 1005 saltem
423 953 558 1022 sapienti
574 953 712 1009 inutiles.

262 1039 318 1094 Sed
334 1042 444 1094 contra
460 1055 520 1095 non
537 1042 649 1098 desunt
660 1043 850 1115 philosophi,
867 1046 934 1101 sive
950 1047 1082 1114 antiqui,
1099 1046 1166 1102 sive
1188 1061 1295 1102 recen·

225 1128 332 1188 tiores,
350 1130 404 1197 qui
423 1130 456 1184 in
471 1129 572 1186 locum
590 1132 746 1188 virtutum
761 1135 922 1204 passiones
935 1135 1076 1191 sufficere
1091 1135 1195 1191 conati
1208 1136 1293 1190 sunt.

262 1254 324 1307 897,
347 1255 538 1310 Passiones
556 1257 594 1310 in
613 1257 738 1314 ordine
756 1259 893 1315 morali.
911 1289 945 1300 -
969 1263 1029 1316 Nos
1054 1261 1159 1316 autem
1184 1260 1297 1316 asseri-

228 1356 298 1397 mus
321 1344 481 1412 passiones
506 1360 572 1400 esse
597 1347 757 1402 naturales
779 1348 903 1416 quidem
927 1351 958 1405 et
978 1350 1035 1404 sub
1062 1349 1119 1404 hoc
1152 1351 1298 1418 respectu

228 1430 334 1493 bonas,
352 1432 405 1486 sed
427 1433 541 1488 virtuti
564 1436 614 1489 vel
637 1437 716 1490 vitio
739 1437 887 1492 accidere.
905 1437 1099 1492 Erraverunt
1113 1439 1214 1506 igitur
1229 1440 1298 1493 tum

228 1519 275 1573 illi
291 1521 344 1587 qui
359 1523 555 1590 putaverunt
568 1524 729 1594 passiones
744 1540 811 1580 esse
836 1527 1047 1582 essentialiter
1067 1527 1173 1590 bonas,
1198 1527 1228 1581 in
1245 1541 1299 1581 or-

229 1609 301 1663 dine
336 1611 457 1673 morali,
487 1613 678 1682 proindeque
707 1615 862 1684 legitimas
896 1617 1046 1684 (Fourier,
1078 1616 1298 1680 saint-Simon,

229 1698 382 1766 Epicure),
400 1703 466 1754 tum
483 1701 528 1756 illi
545 1703 597 1768 qui
612 1705 807 1772 putaverunt
826 1705 986 1774 passiones
1004 1719 1071 1760 csse
1089 1704 1301 1760 essentialiter

229 1787 326 1842 malas
342 1802 377 1842 ac
392 1790 516 1844 morbos
529 1791 626 1845 animi
643 1791 751 1861 (Plato,
768 1794 879 1864 stoici).

265 1924 327 1976 898.
350 1923 539 1980 Passiones
557 1931 644 1981 sunt
664 1929 861 1984 naturales.
875 1958 908 1966 -
931 1930 1092 1984 Passiones
1113 1943 1179 1984 esse
1205 1930 1298 1984 natu-

231 2011 312 2066 rales
328 2011 427 2080 liquet
441 2027 480 2068 ex
495 2015 641 2070 omnibns
654 2029 722 2084 quae
738 2031 834 2086 supra
849 2017 1027 2074 dictasunt.
1047 2021 1122 2072 Nam
1138 2019 1298 2086 passiones

229 2103 408 2169 exsurgunt
418 2117 457 2157 ex
470 2103 537 2173 ipsa
550 2105 664 2160 unione
679 2107 792 2161 animae
804 2108 835 2162 et
849 2109 990 2178 corporis
1003 2124 1009 2173 ;
1028 2108 1109 2162 unde
1119 2106 1299 2175 ingrediun-

230 2191 284 2244 tur
308 2191 444 2247 bominis
469 2195 625 2257 naturam,
644 2197 752 2264 utpote
767 2196 986 2252 inclinationes
1002 2200 1122 2252 naturae
1141 2196 1301 2251 sensibilis

230 2279 262 2332 in
279 2279 394 2335 bonum
418 2282 572 2337 sensibile.
598 2284 863 2347 Quemadmodum
892 2287 1035 2340 naturale
1057 2287 1105 2342 est
1129 2285 1249 2340 homini
1269 2286 1302 2340 et

232 2369 344 2424 animae
363 2369 477 2426 habere
496 2385 605 2428 sensus
627 2376 658 2428 ct
675 2388 800 2443 corpus,
825 2374 871 2428 ita
894 2375 988 2429 etiam
1015 2375 1214 2445 passionibus
1239 2388 1301 2428 non

232 2457 371 2513 destitui.
397 2461 502 2528 ltaque
521 2461 715 2531 impossibile
741 2464 788 2518 est
811 2463 877 2534 (nec
894 2465 976 2519 esset
996 2464 1083 2528 utile,
1105 2464 1157 2518 sed
1174 2463 1302 2532 malum)

232 2561 282 2601 888
298 2550 424 2604 omnino
440 2549 585 2617 aincere.

267 2673 329 2726 899.
353 2671 482 2729 Virtus
501 2679 539 2729 et
556 2675 689 2730 vitium
713 2677 875 2746 passioni
895 2677 1075 2734 accidunt.
1093 2709 1126 2717 -
1146 2678 1221 2730 Cdm
1246 2691 1302 2732 na-

233 2761 338 2814 turam
350 2765 590 2830 consequantur,
607 2766 767 2835 passiones
782 2768 909 2836 proprie
925 2767 1014 2822 diotae
1031 2781 1092 2821 non
1108 2772 1183 2821 sunt
1196 2779 1255 2835 per
1270 2779 1302 2822 se

234 2849 435 2920 bonaeneque
460 2853 548 2907 malae
573 2854 746 2920 moraliter,
772 2856 824 2911 sed
849 2869 955 2911 earum
977 2855 1100 2911 bonitas
1115 2854 1166 2910 vel
1182 2854 1304 2910 malitia
1347 2859 1350 2866 ’

232 2939 386 3008 dependet
418 2941 456 2996 ab
488 2942 609 3011 objecto
633 2945 817 3013 particulari
839 2945 922 3000 circa
950 2944 1031 3014 quod
1051 2945 1230 3000 versantur.
1252 2943 1301 2999 Sic

233 3042 332 3092 amor,
353 3029 470 3093 odium,
496 3031 699 3098 desiderium,
728 3049 807 3103 spes,
843 3035 949 3101 timor,
978 3033 1137 3102 gaudium,
1168 3032 1304 3088 tristitia

232 3121 364 3188 possunt
396 3133 464 3175 csse
498 3121 578 3176 bona
603 3123 765 3178 moraliter
787 3124 812 3178 si
838 3127 1007 3179 versantur
1030 3123 1114 3178 circa
1142 3120 1302 3188 objectum

234 3207 373 3262 debitum
387 3210 419 3263 et
433 3209 564 3279 imperio
580 3211 711 3267 rationis
728 3212 900 3281 subjacent.

268 3297 423 3362 Ceterum,
441 3300 511 3353 cum
531 3302 691 3370 passiones
712 3303 776 3357 sint
800 3303 832 3356 in
851 3301 993 3373 appetitu
1016 3300 1178 3365 sensitivo,
1195 3300 1303 3368 proin-

236 3385 334 3454 deque
360 3388 545 3444 extrinsecae
570 3391 696 3455 rationi,
720 3405 783 3445 non
805 3392 939 3460 possunt
963 3405 1030 3446 esse
1045 3392 1132 3446 bonae
1148 3389 1199 3444 vel
1215 3389 1305 3443 malae

236 3477 399 3532 moraliter
424 3478 484 3533 nisi
499 3491 554 3548 per
564 3463 722 3544 accidens,
739 3479 858 3535 scilicet
875 3481 1028 3548 quatenus
1044 3481 1124 3536 ratio
1140 3478 1185 3534 eis
1202 3477 1307 3533 utitur

238 3564 366 3621 honeste
382 3567 432 3621 vel
445 3567 597 3624 abutitur.
614 3570 659 3624 Ad
675 3583 741 3623 rem
758 3571 785 3622 S.
798 3569 874 3624 Tb:

273 3673 435 3730 Passiones
451 3675 563 3731 animae
578 3675 747 3747 dupliciter
755 3678 889 3747 possunt
897 3675 1089 3731 considerari
1106 3690 1113 3728 ε
1130 3689 1192 3729 uno
1202 3673 1306 3738 modo,

236 3743 407 3798 secundum
423 3760 475 3812 se;
491 3747 551 3803 alio
568 3749 670 3814 modo,
695 3748 865 3804 secundum
887 3746 969 3816 quod
994 3746 1157 3814 subjacent
1172 3745 1308 3815 imperio

234 3815 366 3870 rationis
382 3817 414 3872 et
432 3818 616 3875 voluntatis.
634 3820 663 3875 si
687 3820 787 3889 igitur
810 3818 981 3874 secundum
1006 3831 1039 3874 se
1055 3816 1307 3881 considerentur,
