2790 4546
221 395 275 452 208
707 409 822 451 111111

221 520 340 576 talibus
367 518 795 582 1011111111111,ο1(11111111111
824 520 863 575 ad
887 519 1020 590 gloriam
1054 535 1110 577 seu
1138 521 1290 577 visionem

220 609 410 666 intuitivam
433 623 472 665 ex
491 607 553 678 qua
576 609 763 664 omnimodae
789 608 997 679 perfectiones
1022 609 1180 665 oriuntur.
1207 609 1295 673 Item,

224 699 257 754 in
287 697 396 754 ordine
415 696 563 765 naturali,
584 697 690 752 omnia
708 697 790 752 dona
808 697 967 754 naturalia
995 697 1170 754 ordinanda
1194 701 1296 754 essent

223 787 262 842 ad
286 786 494 856 cognitionem
517 785 742 842 abstractivam
758 786 790 841 et
808 801 947 843 amorem
971 787 1023 842 Dei
1043 787 1293 850 inamissibilem,

228 876 343 944 quibus
355 876 487 946 adeptis,
503 875 626 931 nullum
646 874 732 931 aliud
748 875 863 931 bonum
883 875 1039 932 deiiceret.

264 1029 341 1084 1168.
362 1027 442 1084 Non
474 1032 531 1083 est
559 1026 747 1082 beatitudo
774 1026 935 1096 perlecta
959 1026 1130 1084 interris.
1149 1058 1182 1067 -
1209 1028 1296 1083 Nunc

228 1120 347 1180 autem,
363 1117 395 1171 in
412 1116 468 1171 bac
490 1116 567 1180 vita,
592 1129 654 1171 non
678 1115 842 1171 invenitur
855 1115 1017 1172 beatitudo
1031 1117 1181 1186 perlecta,
1197 1130 1294 1186 neque

227 1206 384 1262 inordina
407 1204 652 1278 supernaturali,
673 1205 708 1261 ut
728 1205 825 1274 patet,
849 1217 947 1274 neque
963 1205 995 1260 in
1020 1205 1131 1261 ordine
1145 1204 1293 1261 naturali.

224 1295 374 1352 consistit
386 1295 468 1350 enim
481 1293 640 1350 beatitudo
656 1293 810 1349 naturalis
825 1293 858 1348 in
874 1294 1054 1364 operatione
1073 1294 1204 1350 virtutis
1224 1307 1295 1364 per-

221 1386 323 1448 fectae,
346 1385 383 1440 ut
403 1384 480 1439 dicit
504 1381 700 1439 Aristoteles.
716 1384 814 1438 Porro
838 1397 900 1438 non
924 1382 1059 1440 habetur
1081 1384 1114 1438 in
1130 1385 1227 1440 terris
1242 1386 1297 1438 aut

228 1475 338 1529 saltem
363 1472 537 1535 rarissime,
558 1471 663 1526 virtus
687 1471 824 1540 undique
847 1472 997 1542 perlecta.
1021 1473 1166 1528 ceterum
1197 1471 1298 1527 multa

222 1564 286 1618 alia
311 1562 392 1617 bona
417 1560 625 1630 requiruntur
647 1560 685 1615 ad
709 1559 936 1617 beatitudinem
958 1560 1130 1631 perfectam
1146 1561 1295 1630 tanquam
1388 1575 1389 1638 t

224 1651 328 1706 media
348 1651 419 1722 plus
453 1649 596 1704 minusve
625 1647 810 1714 necessaria,
845 1662 913 1717 quae
946 1663 1105 1719 nunquam
1140 1649 1297 1705 habentur
1388 1639 1389 1696 l

153 1778 155 1782 .
223 1741 320 1798 simul
341 1743 397 1795 aut
411 1739 474 1794 cito
493 1738 696 1794 amittuntur.
722 1738 907 1805 Requiritur
921 1739 1005 1794 enim
1025 1737 1130 1808 aliqua
1143 1738 1293 1809 perfectio

224 1829 363 1898 corporis
377 1827 431 1899 (l);
457 1827 666 1895 requiruntur
686 1826 792 1896 aliqua
813 1827 973 1882 exteriora
996 1827 1076 1883 bona
1104 1827 1159 1898 (2);
1194 1828 1295 1896 requi·

224 1919 309 1975 ritur
324 1918 418 1974 etiam
432 1917 564 1972 societas
579 1917 752 1971 amicorum
764 1916 815 1984 (3),
830 1917 889 1972 111.
906 1916 992 1972 Unde
1007 1916 1166 1972 concludit
1180 1917 1208 1970 S.
1219 1917 1291 1972 Tb:

226 2028 238 2056 a
261 2010 327 2062 Non
342 2006 447 2077 potest
458 2003 572 2073 aliquis
593 2005 626 2060 in
642 2004 699 2060 hic
721 2003 789 2060 vita
803 2019 910 2060 veram
931 2006 963 2060 et
977 2005 1147 2075 perfectam
1163 2005 1294 2061 beatitu-

224 2096 328 2151 dinem
349 2094 490 2164 adipisci.
509 2114 522 2146 r
539 2093 578 2164 (4)

261 2245 341 2302 1169.
373 2246 551 2305 Mentitus
574 2247 631 2301 est
654 2243 914 2316 pessimismus.
935 2275 969 2284 -
996 2245 1145 2301 Attamen
1173 2244 1292 2314 decepti

221 2338 296 2393 sunt
315 2336 512 2406 pessimistae‚
527 2333 664 2389 dicentes
680 2333 803 2388 nullum
817 2333 933 2388 bonum
955 2332 1162 2389 desiderabile
1177 2333 1290 2390 esseio

221 2425 279 2480 hoc
295 2425 422 2488 mundo,
439 2424 618 2490 nullamque
632 2421 764 2491 proinde
784 2421 1022 2478 beatitudinem.
1038 2424 1127 2488 Nam,
1145 2423 1182 2478 ut
1200 2423 1290 2494 plura

221 2529 283 2570 non
311 2515 423 2577 dicam,
453 2511 601 2567 mortales
628 2513 723 2566 Deum
752 2524 938 2579 cognoscere
965 2513 997 2566 11
1024 2526 1131 2566 amare
1163 2513 1293 2580 possunt

221 2603 343 2672 aliaque
372 2615 468 2671 opera
495 2599 626 2654 virtutis
645 2612 819 2654 exercere:
849 2599 880 2653 in
906 2599 955 2655 bis
983 2600 1090 2655 autem
1113 2600 1288 2670 praesertim

221 2691 366 2747 consistit
388 2689 549 2745 beatitudo
573 2687 738 2750 naturalis,
764 2689 800 2742 ut
823 2687 970 2744 vidimus.
999 2691 1060 2744 Nec
1089 2687 1197 2744 deficit
1224 2701 1289 2759 spes
1387 2751 1388 2760 χ

217 2782 346 2836 ’11111111
362 2777 575 2834 beatitudinis.
591 2776 677 2832 Unde
702 2776 779 2831 dicit
797 2778 827 2831 S.
849 2777 905 2832 Th.
922 2793 929 2830 :
948 2796 961 2826 α
978 2777 1128 2844 Aliqualis
1151 2777 1287 2833 beatitu-
1387 2761 1388 2800 l

221 2869 303 2924 dinis
319 2867 518 2937 participatio
532 2866 565 2921 in
587 2865 644 2919 hac
659 2863 727 2919 vita
748 2865 856 2920 haberi
872 2866 1009 2936 potest...
1027 2865 1173 2922 Homines
1195 2879 1286 2936 repu-

220 2959 291 3015 tant
309 2957 342 3012 in
358 2955 415 3011 hac
429 2954 497 3010 vita
514 2969 581 3010 esse
601 2953 738 3021 aliquam
754 2953 992 3018 beatitudinem,
1006 2954 1136 3024 propter
1156 2954 1285 3023 aliquam

221 3045 461 3102 similitudinem
477 3057 560 3100 verae
579 3042 803 3108 beatitudinis;
829 3043 860 3098 11
884 3043 929 3098 111
948 3056 1009 3098 non
1032 3056 1072 3097 ex
1090 3043 1158 3099 toto
1179 3043 1213 3097 in
1232 3039 1284 3098 sut

220 3135 430 3194 aestimatione
446 3131 597 3189 deficiunt
613 3151 625 3181 1
643 3131 691 3201 (5).
1128 3137 1131 3142 ·

219 3358 221 3360 ’
251 3354 286 3414 (l)
303 3350 344 3402 Cl'.
366 3350 391 3400 S.
408 3349 469 3408 Th„
483 3351 520 3409 11,
532 3350 580 3411 2⁸,
593 3364 617 3413 q.
632 3347 655 3404 4,
672 3363 695 3397 a.
714 3347 739 3398 6.

249 3423 285 3483 (21
303 3422 386 3480 loia,
398 3436 422 3472 a.
435 3421 458 3470 7.

250 3492 284 3554 (3)
304 3493 391 3553 loia,
407 3507 430 3541 a.
444 3494 469 3541 l.

249 3563 283 3625 (4)
302 3564 385 3624 lota,
401 3579 427 3627 q.
441 3564 465 3618 5,
479 3577 504 3610 a.
521 3561 544 3610 3.

249 3633 286 3696 (5)
304 3635 389 3691 Iota..
409 3649 434 3698 q.
450 3635 475 3691 5,
488 3648 513 3684 a.
528 3632 552 3691 3,
565 3632 598 3681 ad
611 3632 640 3684 3.
672 3631 675 3637 “
