2828 4550
392 419 491 462 carun
508 418 584 462 nvn.
603 434 635 444 -
651 413 700 460 »τοῦ
714 403 778 466 969,
795 403 857 458 970.
1114 399 1160 456 121

102 531 219 601 propter
239 530 300 588 hoc
323 530 461 598 cognitio
485 529 536 586 vel
557 528 700 600 potentia
727 541 789 583 non
814 527 862 582 est
885 525 1065 582 naturalis:
1089 524 1163 593 qula

103 602 239 660 deusest
261 606 374 657 auctor
396 615 458 658 nou
473 601 576 657 solnm
600 599 774 655 influentiae
793 599 924 667 gratuiti
953 596 1092 660 luminis,
1108 595 1161 654 sed

102 673 187 728 etlam
202 673 356 728 naturalis
376 672 429 748 (1).ἱ

133 789 241 844 Deinde
254 789 292 844 de
311 789 488 858 cognitione
511 787 649 844 naturali
672 801 765 855 quam
782 785 876 842 habet
898 786 1003 840 anima
1017 785 1162 854 separata

104 877 136 932 de
145 877 211 933 aliis
225 877 410 934 substantiis
423 878 575 947 separatis
589 877 655 932 haec
669 875 779 932 scribit
794 892 801 929 ε

134 983 235 1038 Modus
255 983 439 1039 substantiae
458 984 572 1039 animae
596 984 748 1052 separatae
764 983 811 1038 est
825 981 909 1037 infra
925 982 1051 1037 modum
1067 981 1162 1036 subs-

106 1055 203 1110 tantiae
222 1055 380 1124 angelicae,
394 1055 447 1110 sed
467 1056 515 1110 est
528 1054 699 1111 conformis
718 1054 809 1109 modo
827 1054 961 1108 aliarum
985 1054 1162 1106 animarum

106 1126 330 1194 separatarum
351 1131 383 1180 et
397 1127 466 1181 ideo
482 1127 518 1182 de
543 1126 613 1180 aliis
637 1125 800 1181 animabus
824 1123 975 1193 separatis
991 1123 1162 1193 perfectam

107 1197 304 1264 cognitionem
319 1197 422 1260 habet,
443 1198 480 1252 de
503 1197 606 1265 augeli
622 1198 726 1252 autem
743 1196 958 1266 imperfectam
979 1193 1162 1250 atdeficien·

105 1269 172 1333 tem,
187 1269 339 1338 loquendo
354 1269 391 1324 de
406 1269 583 1337 cognitione
603 1269 738 1323 naturali
754 1268 867 1322 animae
883 1271 1034 1338 separatae
1050 1267 1097 1336 (2).

138 1394 174 1446 lle
183 1393 359 1461 cognitione
387 1393 491 1448 eutem
517 1407 609 1462 quem
632 1392 725 1448 habet
748 1392 937 1448 naturaliter
956 1391 1071 1459 anima,
1092 1392 1164 1462 post

108 1481 239 1544 mortem,
255 1481 293 1537 de
309 1482 465 1546 universo,
478 1495 598 1538 necnon
611 1481 647 1536 de
662 1481 886 1549 singularibus,
902 1481 969 1536 haec
982 1479 1027 1536 ait
1043 1496 1050 1534 :

138 1587 238 1642 Anima
258 1592 402 1658 separata
435 1589 586 1656 iutelligit
611 1602 667 1658 per
689 1588 807 1656 species
820 1601 896 1656 quas
923 1587 1036 1657 recipit
1051 1601 1091 1642 ex
1112 1587 1162 1640 iu·

108 1655 225 1713 fluentia
238 1658 339 1714 divini
357 1660 496 1724 luminis,
512 1661 595 1715 sicut
617 1661 649 1714 et
671 1660 786 1728 angeli.
807 1659 865 1713 Sed
885 1663 1000 1721 tamen,
1016 1658 1091 1727 quia
1106 1671 1163 1712 na-

108 1729 172 1782 tura
184 1729 294 1786 animae
314 1732 361 1785 est
381 1731 464 1787 iufra
480 1732 625 1786 naturam
641 1731 754 1799 angeli,
770 1731 820 1786 cul
834 1731 895 1784 iste
915 1730 1024 1785 modus
1038 1743 1163 1798 cognos-

107 1799 184 1854 cendi
210 1803 256 1857 est
282 1803 446 1866 naturalis,
475 1803 581 1858 anima
599 1803 743 1871 separata
762 1816 818 1872 per
841 1801 1023 1871 hujusmodi
1045 1799 1162 1868 species

110 1882 162 1924 nou
178 1873 288 1942 accipit
307 1873 476 1942 perfectam
491 1888 599 1929 rerum
614 1874 834 1943 cognitionem,
851 1875 904 1929 sed
924 1873 1012 1941 quasi
1033 1872 1065 1926 in
1081 1884 1163 1926 com·

112 1942 186 1994 muni
202 1943 232 1998 et
245 1943 407 1999 confusam
422 1945 506 2014 (3)...

139 2012 248 2068 Animae
272 2020 424 2084 separatae
447 2030 508 2070 non
530 2018 662 2086 possunt
684 2030 868 2084 cognoscere
904 2029 958 2084 per
981 2014 1162 2082 huiusmodi

110 2083 211 2162 species
229 2085 290 2140 uisi
305 2087 407 2141 solim
423 2087 596 2155 singularia
610 2087 717 2142 illaad
732 2102 801 2155 quae
816 2085 1044 2154 quodammodo
1062 2085 1162 2141 deter-

111 2158 257 2212 minantur
274 2158 628 2228 velperpraecedentem
643 2158 864 2226 cognitionem,
881 2159 930 2212 vel
944 2171 1001 2227 per
1024 2157 1160 2223 aliquam
1234 2182 1236 2186 .

110 2223 299 2306 allectionem,
317 2229 367 2283 vel
382 2243 438 2299 per
454 2230 628 2284 naturalem
645 2229 870 2290 habitudinem,
887 2229 937 2283 vel
952 2241 1007 2298 per
1022 2227 1161 2282 divinam

112 2295 335 2371 ordinationem,
361 2301 434 2368 quia
457 2315 548 2355 omne
568 2301 648 2369 quod
674 2301 828 2370 recipitur
842 2300 875 2355 in
890 2299 992 2368 aliquo
1009 2299 1162 2366 recipitur

111 2376 137 2416 tn
154 2381 185 2422 eo
202 2383 257 2439 per
272 2371 399 2426 modum
415 2371 594 2442 recipientis
610 2371 657 2441 (tl.

140 2507 193 2564 970.
215 2511 310 2568 vitae
317 2515 448 2569 animae
463 2518 641 2584 separatae
655 2514 887 2584 imperiectio.
903 2543 938 2552 -
953 2515 997 2566 Ex
1012 2511 1060 2568 bis
1075 2512 1163 2582 patet

114 2595 196 2654 vitam
207 2601 380 2657 naturalem
391 2602 503 2657 animae
517 2605 670 2673 separatae
684 2617 750 2660 esse
765 2603 992 2673 imperfectam.
1010 2600 1162 2668 Rejicitur

115 2697 175 2753 ergo
193 2702 280 2745 error
301 2691 544 2761 platonicorum,
566 2693 620 2761 qui
645 2693 756 2760 putant
779 2691 899 2746 animas
920 2691 1080 2761 separatas
1095 2703 1179 2745 esse-

115 2777 283 2834 naturaliter
302 2781 334 2834 et
348 2779 489 2836 absolute
513 2781 716 2851 perfectiores
731 2779 823 2847 quam
843 2782 945 2844 autea,
962 2781 1006 2834 ita
1031 2779 1067 2834 ut
1091 2792 1162 2846 cog·

114 2871 226 2922 noscant
247 2867 367 2923 viribus
394 2869 532 2940 propriis
555 2884 591 2924 ea
617 2885 685 2937 quae
701 2869 782 2924 fiunt
795 2870 878 2939 apud
903 2883 958 2924 nos
978 2870 1010 2923 et
1037 2867 1161 2938 operari

113 2954 218 3019 possint
230 2956 262 3011 in
280 2957 338 3012 hoc
358 2959 484 3015 mundo.
501 2959 558 3013 Sed
578 2973 676 3027 neque
691 2973 741 3013 res
765 2958 927 3013 sensibiles
942 2957 1037 3027 hujus
1053 2957 1161 3012 mundi

113 3051 189 3107 agere
201 3046 372 3115 possuntin
387 3047 508 3103 animas
518 3049 688 3117 separatas,
700 3048 771 3101 cbm
784 3046 926 3102 sensibus
938 3045 1162 3108 destituantur,

114 3139 196 3197 neque
209 3133 282 3204 ipsae
297 3139 429 3206 possunt
441 3149 533 3203 agere
548 3137 581 3190 in
596 3151 646 3192 res
662 3135 846 3199 mundanas,
861 3136 931 3190 clim
947 3134 1162 3189 destituantur

114 3229 237 3286 corpore.
257 3223 343 3280 Unde
354 3225 464 3281 scribit
479 3227 506 3280 S.
524 3225 580 3281 Th.
601 3240 608 3278 :

143 3325 248 3382 Animae
262 3331 368 3385 autem
385 3333 582 3387 mortuorum
594 3332 764 3388 secundum
775 3331 1005 3386 ordinationem
1021 3327 1159 3383 divinam

115 3393 309 3454 etsecundbm
326 3401 452 3456 modum
469 3403 589 3458 essendi
605 3411 776 3471 segregata
800 3403 874 3456 sunt
892 3416 910 3456 a
925 3399 1162 3454 conversatione

142 3572 172 3682 92)
185 3576 219 3652 ¹¹2
233 3595 257 3645 q.
274 3580 314 3639 89,
329 3597 353 3632 a.
367 3582 390 3639 l,
403 3583 470 3633 adl.

147 3640 336 3765 13ἷῖιὸἕῗάῖἶὲῗ3ἶ

148 3758 177 3815 (41
190 3761 267 3822 Ibtd„
279 3782 303 3817 a.
317 3769 341 3818 l.
353 3795 384 3806 -
398 3769 437 3820 Gi.
453 3770 534 3827 etiam
554 3785 577 3819 a.
592 3769 607 3817 8
625 3785 630 3818 :
649 3769 749 3820 Utrum
772 3768 870 3818 animae
894 3773 1024 3832 separatae
1040 3780 1158 3828 cognos-

18 3861 23 3873 =.
127 3827 175 3868 “112
188 3838 214 3872 ea
228 3842 283 3892 qua
297 3831 339 3880 hlc
351 3833 491 3894 aguntnrl
