2910 4568
234 362 270 416 94
663 373 879 415 rsuououoom

233 499 425 612 consequens
435 485 488 626 (alst
501 483 583 552 quod
598 485 758 556 appetitas
779 485 989 540 intellectivns
1014 483 1056 538 sit
1075 482 1136 536 alia
1161 483 1305 552 potentia

234 571 350 612 asensr
367 571 420 612 ivo
479 594 487 610 .

269 681 331 737 908.
352 681 530 737 Voluntas
548 681 680 737 violari
702 695 775 737 non
792 686 922 752 potest.
939 709 973 721 -
988 683 1064 735 Nam
1085 679 1303 736 voluntarium

234 774 266 828 et
287 771 430 827 eoactum
446 769 586 839 pugnant
608 770 641 825 in
660 771 739 840 ipsis
753 770 907 834 terminis,
928 770 1009 825 sicut
1032 770 1176 825 naturaie
1190 771 1222 825 et
1237 771 1304 827 vio-

234 862 365 917 lentum.
383 859 413 913 Si
428 860 516 914 actus
534 859 717 924 voluntatis,
741 860 792 928 qui
812 859 860 914 est
873 873 1052 922 consensus,
1068 861 1151 913 esset
1163 860 1302 924 coaetus,

229 951 297 1020 jam
313 963 374 1004 non
390 949 471 1003 esset
493 948 691 1004 voluntarius
711 963 747 1004 ac
767 948 898 1018 proinde
918 962 979 1003 non
995 947 1077 1003 esset
1091 947 1228 1018 amplius
1243 963 1303 1004 vo-

234 1039 365 1095 luntatis
380 1037 479 1093 actus.
496 1037 643 1106 Equidem
660 1052 767 1093 omnes
782 1037 852 1092 aliae
869 1036 1042 1104 facultates,
1061 1043 1177 1106 praeter
1191 1039 1304 1093 volun·

233 1129 342 1192 tatem,
363 1127 431 1194 cogi
459 1132 601 1196 possunt,
623 1127 770 1182 voluntas
799 1127 904 1182 autem
929 1126 1015 1181 nullo
1039 1126 1144 1180 modo.
1169 1129 1223 1182 lix.
1248 1141 1300 1198 gr.

234 1215 389 1285 contingit
413 1216 449 1270 ut
472 1215 564 1271 homo
589 1215 703 1280 videat,
719 1215 845 1284 cogitet,
862 1214 1054 1284 imaginetur
1077 1215 1108 1270 id
1134 1216 1216 1284 quod
1242 1231 1306 1274 non

234 1307 313 1369 vult,
330 1305 383 1360 sed
400 1304 508 1373 nequit
521 1305 601 1360 velle
616 1305 648 1360 id
663 1305 746 1374 quod
765 1319 826 1360 non
843 1305 927 1360 vult.
946 1304 1031 1359 Unde
1056 1303 1166 1360 scribit
1181 1304 1209 1358 S.
1226 1305 1304 1362 Tin:

270 1411 443 1467 coactionis
462 1412 630 1467 necessitas
646 1412 773 1466 omnino
788 1412 944 1482 repugnat
968 1412 1135 1466 voluntati.
1151 1411 1228 1466 Nam
1247 1412 1308 1471 hoc

235 1484 367 1540 dicimus
388 1497 455 1538 esse
475 1482 650 1538 violentum
676 1483 758 1550 quod
785 1487 833 1538 est
854 1483 964 1539 contra
987 1483 1223 1538 inclinationem
1246 1487 1304 1541 rei.

234 1555 301 1626 lpse
316 1557 421 1609 autem
439 1556 543 1609 motus
554 1554 726 1608 voluntatis
739 1555 787 1608 est
797 1554 959 1608 inclinatio
970 1555 1110 1622 quaedam
1124 1553 1155 1610 ln
1168 1555 1304 1624 aliquid;

234 1629 266 1682 et
279 1626 349 1680 idco
365 1625 448 1680 sicut
463 1625 579 1680 dieitur
591 1625 709 1692 aliquid
725 1626 867 1680 natur-ale
882 1625 956 1692 quia
970 1629 1019 1679 est
1031 1627 1201 1681 secundum
1217 1628 1307 1684 incli-

235 1698 392 1752 nationem
409 1699 538 1758 naturae,
552 1697 598 1752 ita
610 1696 727 1751 dicitur
739 1696 857 1764 aliquid
873 1697 1087 1751 voluntarium
1104 1697 1177 1765 quia
1190 1701 1239 1754 est
1253 1714 1307 1755 sc·

233 1769 369 1824 cundum
388 1768 622 1822 inclinationem
640 1767 822 1823 voluntatis.
845 1768 929 1824 Siout
950 1781 1024 1831 ergo
1044 1769 1236 1836 impossibile
1256 1773 1306 1828 est

233 1840 315 1908 quod
330 1839 447 1906 aliquid
463 1838 558 1894 simul
576 1839 619 1894 sit
633 1838 806 1894 violentum
821 1840 853 1894 et
877 1841 1030 1902 naturale,
1051 1840 1096 1894 ita
1108 1841 1306 1910 impossibile

232 1909 377 1977 estquod
398 1909 515 1977 aliquid
537 1909 724 1978 simpliciter
747 1911 789 1965 sit
808 1913 958 1972 coactum,
983 1910 1050 1966 sive
1065 1911 1252 1977 violentum,
1272 1915 1306 1969 et

232 1980 446 2036 voluntarium
464 1980 513 2050 (⁵2).

269 2088 369 2156 Igitur
383 2101 491 2142 omnes
506 2088 595 2142 actus
617 2088 801 2152 voluntatis,
816 2102 871 2143 seu
890 2102 1069 2154 consensus,
1087 2093 1162 2146 sunt
1177 2091 1267 2146 liberi
1283 2107 1302 2146 a

232 2176 401 2232 coactione.
418 2176 474 2230 Sed
490 2177 603 2232 suntne
618 2175 709 2230 libeni
725 2191 743 2230 a
765 2177 959 2240 necessitate,
975 2178 1006 2232 id
1028 2179 1090 2243 cst,
1112 2179 1302 2250 simpliciter

233 2267 264 2321 et
276 2279 350 2321 vere
366 2260 478 2319 liberii

269 2392 331 2446 909.
355 2389 528 2446 Notiones
546 2391 696 2461 praevlae
719 2393 765 2446 de
782 2392 963 2448 libertate.
981 2421 1015 2432 —
1038 2394 1139 2448 Antea
1163 2394 1304 2450 recolere

232 2480 357 2550 oportet
370 2479 518 2547 quasdam
534 2480 676 2535 notiones
690 2481 727 2536 de
738 2481 893 2537 libertate.
906 2482 974 2537 Alia
983 2484 1032 2538 est
1044 2480 1171 2536 libertas
1184 2499 1203 2536 a
1219 2498 1303 2537 coac-

233 2567 326 2632 tione,
346 2570 384 2624 de
399 2568 460 2636 qua
473 2582 570 2638 supra
588 2568 749 2637 agebatur,
766 2583 834 2639 quas
849 2573 896 2626 est
915 2571 1099 2627 immunitas
1114 2586 1133 2628 a
1152 2572 1305 2628 violentia

232 2673 287 2714 seu
317 2657 500 2712 necessitate
522 2657 698 2712 extrinseca
726 2659 785 2726 (ita
813 2659 941 2715 libertas
965 2642 1134 2723 scribendi,
1160 2661 1302 2731 docendi,

233 2745 444 2813 ambulandi);
465 2746 497 2799 et
517 2744 580 2799 alia
598 2743 725 2799 libertas
750 2747 890 2812 moralis,
913 2763 982 2817 quae
1005 2751 1054 2805 cst
1072 2750 1256 2806 immunitas
1282 2767 1302 2804 a

233 2834 418 2890 necessitate
434 2833 528 2887 etiam
553 2835 723 2890 intrinseca
742 2841 774 2890 et
801 2838 945 2892 consistit
970 2839 1002 2892 in
1025 2838 1157 2906 qutdam
1179 2839 1302 2895 indiffe-

233 2921 336 2979 rentia
363 2923 420 2992 (ita
448 2922 576 2978 libertas
602 2925 741 2980 merendi
762 2926 813 2980 vel
841 2928 1006 2996 peccandi).
1030 2929 1108 2983 Sane
1134 2929 1265 2986 libertas
1283 2945 1303 2986 a

233 3013 392 3068 coactione
410 3025 470 3066 non
491 3013 539 3067 est
554 3027 627 3068 vere
643 3013 771 3070 libertas
795 3015 855 3070 nisi
880 3017 1092 3085 conjungatur
1113 3033 1184 3072 cum
1210 3019 1304 3076 liber

233 3104 296 3158 tate
311 3101 526 3156 anecessilate
539 3100 718 3171 intrinseca
730 3103 761 3158 id
777 3105 834 3169 est,
850 3120 920 3160 cum
937 3107 1081 3162 libertate
1098 3109 1221 3163 morali.

267 3227 330 3284 910.
341 3226 511 3281 Liberum
521 3226 622 3282 addit
636 3242 750 3297 supra
759 3236 1007 3299 spontaneum.
1016 3262 1049 3271 -
1058 3233 1142 3288 Unde
1155 3233 1300 3290 videmus

232 3317 366 3371 liberum
382 3316 507 3370 differre
531 3317 745 3386 aspontaneo.
763 3320 971 3388 spontaneum
992 3321 1075 3374 enim
1100 3323 1148 3376 est
1164 3322 1301 3379 liberum

232 3419 250 3458 a
272 3405 442 3466 coactione,
463 3403 517 3459 sed
539 3405 729 3473 potestesse
753 3409 963 3463 necessarlum
988 3408 1025 3463 ab
1049 3410 1231 3466 intrinseco.
1257 3413 1304 3470 lta

235 3494 338 3548 motus
353 3492 536 3547 animalium
553 3494 585 3548 et
609 3493 787 3562 plantarum
810 3498 884 3552 sunt
907 3498 1081 3568 spontanei,
1106 3513 1167 3554 non
1193 3501 1303 3558 autem

237 3581 338 3636 liberi.

266 3712 301 3774 (l)
314 3712 349 3769 1³,
366 3728 392 3776 q.
407 3711 447 3769 80,
463 3727 486 3760 a.
502 3712 526 3762 2.

268 3775 301 3837 [2)
318 3775 354 3831 1⁸,
370 3791 395 3839 q.
412 3773 452 3834 82,
469 3791 493 3824 a.
513 3777 536 3824 l.
