2790 4546
247 378 301 434 252
324 378 325 382 ’
658 393 710 435 rus
729 393 900 436 urrunnun

247 504 284 558 de
300 506 360 559 Deo
379 517 435 574 per
454 503 609 560 rationem
623 503 824 574 investigata,
841 519 859 560 a
880 504 987 575 paucis
1009 504 1187 575 nominibus
1203 506 1232 560 et
1249 519 1299 576 per

246 572 374 644 longum
395 576 520 645 tempus
540 576 656 630 etcum
672 576 865 632 admixtione
886 575 1059 630 multorum
1082 590 1221 631 errorum
1234 591 1297 646 pro·

247 645 393 702 veniret:
419 647 546 715 acujus
569 647 674 701 tamen
697 647 842 703 veritatis
866 647 1043 716 cognitione
1072 647 1219 718 dependet
1240 648 1298 702 tota

248 716 385 772 hominis
400 717 494 782 salus,
514 731 582 785 quae
597 717 630 772 in
649 721 709 773 Deo
726 719 782 773 est.
805 719 845 772 Ut
859 719 958 786 igitur
977 719 1062 772 scius
1084 718 1254 773 hominibus
1270 718 1297 773 et

247 789 485 844 convenientius
500 794 532 844 et
548 789 664 844 certius
678 789 855 914 proveniat,
876 790 1087 845 necessarium
1103 789 1164 845 ruit
1178 789 1252 858 quod
1265 789 1295 844 de

247 858 364 914 divinis
376 873 434 930 per
448 859 586 914 divinam
602 874 676 916 reve
689 860 826 916 ationem
841 861 1075 918 instruerentur
1091 860 1144 932 (i).

285 993 366 1050 1255.
384 991 510 1050 Ollicia
529 993 684 1050 hominis
696 993 815 1064 quoad
832 993 1101 1050 revelationem.
1117 1025 1151 1033 -
1166 992 1272 1048 Nunci
1288 1022 1299 1033 ·

246 1081 304 1136 cilo
315 1081 513 1138 deducuntur
528 1082 663 1138 hominis
677 1084 709 1138 et
717 1077 894 1154 praesertim
905 1081 1083 1153 philosophi
1099 1081 1198 1138 officia
1210 1081 1300 1151 quoad

244 1170 481 1226 revelationem.
504 1171 580 1228 cum
606 1172 757 1227 revelatio
779 1185 814 1226 ac
835 1172 966 1241 proinde
988 1171 1099 1240 religio
1124 1172 1300 1240 supernatu-

245 1258 320 1313 ralis
336 1259 378 1316 sit
391 1258 559 1330 possibilis,
572 1260 662 1316 debet
676 1261 836 1328 inquirere
847 1275 917 1316 cum
934 1260 1072 1316 maximo
1087 1260 1190 1316 studio
1202 1259 1298 1314 utrum

245 1347 396 1403 revelatio
407 1348 490 1403 iacta
505 1348 601 1404 fucrit
611 1351 643 1404 et
657 1349 768 1416 religio
784 1349 1035 1420 supernaturalis
1047 1348 1299 1405 institutafuerit.

245 1436 358 1504 Agitur
377 1436 460 1492 enim
484 1437 522 1492 de
549 1437 697 1508 supremi.
719 1437 855 1494 veritate
878 1440 909 1493 et
937 1437 1079 1506 scientia,
1103 1438 1141 1493 dc
1166 1437 1300 1494 maximis

245 1525 357 1581 officiis
371 1539 490 1581 necnon
505 1527 542 1582 de
554 1525 684 1597 proprii
698 1526 814 1589 solute3
831 1527 913 1582 unde
926 1524 1212 1598 indifferentismus
1225 1539 1301 1582 seve·

244 1613 369 1668 rissime
390 1615 604 1686 reprobandus
625 1617 682 1671 est.
709 1615 834 1681 Deinde,
855 1617 925 1670 cum
949 1629 1057 1670 veram
1082 1618 1114 1671 et
1142 1614 1302 1686 perfectam

244 1702 427 1772 religionem
443 1705 618 1772 agnoverit,
635 1705 781 1774 amplecti
796 1704 928 1760 debebit.

633 2071 761 2133 CAPUT
781 2069 922 2132 LXXVII

552 2235 592 2276 DE
611 2235 741 2277 osricus
761 2235 846 2277 ERGA
867 2237 999 2279 sunnon

280 2407 472 2462 Nihii·habet
488 2407 581 2463 homo
601 2409 681 2477 quod
704 2413 795 2466 aDeo
811 2425 871 2466 non
892 2411 1056 2481 acceperit.
1073 2411 1159 2466 Unde
1174 2412 1303 2467 animam

243 2509 333 2562 suam
353 2497 385 2552 et
399 2510 513 2567 corpus
529 2511 622 2553 suum
642 2498 687 2552 ito
701 2513 810 2567 regere
830 2500 921 2555 debet
938 2501 975 2554 ut
998 2500 1092 2568 hujus
1111 2500 1306 2556 administra·

242 2585 338 2642 tionis
358 2585 512 2640 rationem
531 2585 662 2643 reddere
680 2588 788 2658 possit.
810 2589 927 2644 Exinde
948 2589 1098 2644 oriuntur
1117 2589 1219 2645 officia
1237 2602 1305 2658 erga

243 2673 390 2742 seipsum,
412 2674 449 2729 de
465 2674 576 2742 quibus
596 2677 758 2744 sequentia
772 2679 978 2733 asseruntur:

276 2799 443 2854 TunS1s.-
462 2797 562 2852 Amor
575 2798 736 2854 naturalis
755 2799 806 2866 sut
826 2799 925 2872 ipsius
940 2799 1105 2856 ordinatus
1124 2801 1165 2856 sii
1179 2802 1303 2874 oportet.

241 2915 276 2926 -
308 2883 395 2940 Unde
415 2887 523 2958 primo
544 2885 756 2959 unusquisque
787 2887 980 2945 intellectum
1001 2907 1095 2946 suurn
1119 2890 1217 2948 colere
1244 2889 1304 2944 sive

241 2989 357 3030 ornare
377 2975 461 3031 debet
479 2977 572 3048 prout
584 2976 647 3047 fert
662 2992 721 3031 suc
739 2977 873 3034 conditio
894 2980 923 3032 et
945 2979 1041 3034 datur
1058 2978 1258 3054 possibilitas.
1273 3009 1304 3020 ·-

243 3061 332 3126 Quod
357 3063 398 3118 cd
424 3064 617 3122 voluntatem
641 3068 767 3138 spectat,
795 3065 975 3123 honestiora
1007 3067 1169 3124 intendere
1193 3071 1305 3144 oportet

241 3155 332 3224 atque
345 3152 471 3208 studere
486 3155 627 3209 omnibus
641 3155 819 3212 uirtutibus.
831 3155 943 3220 Quoad
962 3157 1040 3212 bona
1055 3157 1205 3231 corporis,
1218 3155 1305 3214 euici·

241 3241 328 3297 dium
340 3245 369 3297 et
384 3241 544 3298 mutilatio
554 3241 759 3317 prohibentur
768 3245 845 3318 juro
859 3248 999 3314 naturum
1014 3246 1068 3302 sed
1081 3245 1249 3320 pulchrum
1264 3248 1304 3302 est

239 3329 340 3387 vitam
361 3330 542 3404 impendere
557 3331 721 3404 precium
742 3328 898 3390 invariabile
919 3351 1035 3406 quoquc
1058 3337 1103 3391 est
1129 3352 1239 3392 sensus
1262 3335 1305 3391 ita

241 3418 433 3492 mortificare
447 3423 482 3476 ut
493 3421 618 3493 plenius
634 3421 747 3494 lepidus
762 3423 896 3479 rationis
916 3423 1101 3481 subdantur.
1117 3457 1153 3466 -
1168 3425 1304 3498 Denique

240 3507 390 3580 homojus
401 3509 490 3564 hahet
501 3509 651 3565 naturaie
660 3510 798 3584 seipsum
809 3511 995 3584 defendendi
1007 3513 1044 3568 ab
1054 3513 1174 3588 injusto
1189 3529 1304 3589 cypres-

239 3611 327 3659 sorc;
343 3597 397 3651 scd
411 3597 550 3654 ducllum
564 3599 650 3654 nullo
666 3600 755 3655 modo
770 3600 939 3674 approbari
950 3605 1058 3674 potest.

272 3798 306 3862 (1)
324 3800 359 3856 1⁸,
376 3815 403 3864 q.
420 3802 442 3860 l,
460 3816 482 3850 a.
504 3803 528 3852 l.
