2910 4568
220 395 1096 464 cirosxnus-ms714,715,716,717‚718,7le,7m,721.
1185 393 1209 448 ⁷:

127 537 169 578 ea
181 535 250 591 quae
265 524 428 594 pertinent
441 524 479 578 ad
503 523 656 580 virtutem
676 523 743 579 slve
767 522 924 592 potentias
947 519 1027 588 ejus,
1045 519 1142 577 tertio
1157 532 1194 576 ea

127 609 198 664 quae
212 597 374 666 pertinent
388 596 427 652 ad
441 595 656 668 operationem
668 596 737 665 ejus
753 593 806 665 (l).

163 719 225 774 719.
250 720 303 775 De
326 721 487 776 essentia
510 720 650 776 animae.
675 720 880 776 occurrunt
909 716 1192 774 materiallsmus

123 813 166 865 et
177 809 474 880 spiritualissimus.
488 839 522 850 -
535 809 641 867 Prima
654 809 785 879 quaestio
801 810 849 864 est
866 808 904 864 de
919 805 1055 864 essentie
1069 806 1192 862 animae.

127 897 240 953 Anima
256 899 394 954 bumana
414 902 502 955 estne
525 898 644 968 aliquid
663 897 834 969 corporale,
851 898 897 954 ita
919 897 955 952 ut
977 895 1114 952 existere
1133 909 1196 951 non

126 987 228 1056 possit
242 988 312 1044 sine
326 1002 468 1060 corpore,
483 1003 524 1044 an
539 990 615 1044 verb
628 987 747 1058 aliquid
766 987 942 1058 spirituale,
959 986 1062 1051 idest,
1078 984 1195 1040 subsis-

127 1077 196 1131 tens
211 1077 280 1132 sine
295 1074 447 1147 corporei
463 1078 540 1133 Hinc
556 1076 800 1134 materialismus
823 1079 855 1133 et
867 1074 1125 1147 spiritualismus,
1140 1074 1193 1143 qui

123 1166 609 1238 contradictorieopponuntur-‚1
1009 1153 1012 1160 ’

160 1297 223 1352 720.
240 1298 493 1356 Materialismi
508 1300 625 1357 varlae
646 1300 795 1370 species.
817 1327 851 1340 -
874 1300 982 1354 Plures
998 1299 1102 1355 tamen
1120 1298 1196 1355 sunt

125 1388 346 1444 materialismi
380 1389 511 1460 speeies.
543 1390 785 1446 Materialismus
818 1388 963 1450 crassior,
997 1388 1068 1442 clim
1101 1387 1193 1458 neget

122 1477 277 1546 quidquid
300 1478 495 1548 incorporale
519 1479 578 1544 est,
598 1479 760 1535 contendit
781 1478 918 1533 animam
942 1491 1005 1533 non
1028 1476 1155 1532 differre
1177 1491 1196 1532 a

120 1580 267 1636 corpore,
285 1569 335 1622 vel
349 1567 445 1623 etiam
462 1569 600 1623 animam
614 1582 682 1624 esse
695 1567 781 1624 alind
796 1581 910 1638 corpus
925 1566 1038 1622 subtile
1057 1567 1090 1622 et
1106 1567 1195 1635 quasi

125 1654 270 1710 umbram
288 1657 429 1726 corporis
444 1655 672 1727 ponderabilis;
693 1669 762 1725 quae
781 1656 938 1712 sententia
952 1655 1119 1723 quamdam
1135 1653 1196 1708 im-

124 1744 354 1800 mortalitatem
369 1745 482 1801 animae
495 1746 667 1815 importare
681 1747 794 1815 potest.

160 1833 250 1888 Alius
272 1834 515 1890 materialismus
541 1833 683 1891 admittit
711 1834 837 1902 quidem
870 1835 1007 1890 animam
1039 1832 1193 1902 distingui

120 1922 219 1977 etiam
235 1923 489 1980 substantialiter
503 1937 522 1977 a
540 1937 682 1994 corpore,
698 1923 751 1979 sed
774 1923 936 1979 contendit
953 1935 1061 1978 omnes
1077 1935 1193 1992 opera-

121 2011 226 2066 tiones
240 2012 355 2068 animae
370 2025 437 2068 esse
460 2012 633 2068 sensibiles.
649 2009 823 2081 organicas,
839 2011 1032 2084 proindeque
1045 2010 1194 2072 ,animam

121 2113 185 2154 non
209 2115 301 2171 posse
329 2101 467 2158 existere
491 2101 558 2157 sine
582 2115 733 2173 eorpore;
760 2101 1033 2170 quemadmodum,
1058 2113 1109 2155 ex.
1133 2113 1195 2168 gr,

121 2189 226 2244 iorma
249 2189 322 2244 auri
343 2190 479 2246 existere
499 2205 560 2247 non
583 2192 689 2262 potest
712 2192 779 2247 sine
807 2189 947 2247 materia.
972 2189 1025 2244 llic
1050 2188 1195 2245 materia·

123 2278 235 2334 lismus
251 2278 370 2334 dieitur
383 2282 569 2334 senciamus.

156 2365 336 2422 Secundum
353 2368 540 2438 dynamismi
555 2369 706 2434 lautores,
725 2369 857 2426 materia
872 2369 998 2440 proprie
1014 2368 1098 2424 dieta
1112 2368 1195 2424 esset

121 2470 211 2511 mera
234 2457 439 2527 apparentia;
455 2471 566 2514 revera
586 2445 649 2514 non
671 2459 846 2514 existerent
869 2457 930 2513 nisi
951 2458 1035 2512 vires
1059 2470 1196 2526 quarum

118 2545 190 2600 aliae
205 2548 313 2600 essent
326 2546 457 2602 consciae
478 2548 510 2602 et
531 2547 601 2604 aliae
617 2561 701 2602 non:
725 2547 796 2602 bine
818 2547 953 2602 mundus
972 2545 1148 2618 spiritualis
1163 2545 1196 2602 et

120 2633 259 2689 mundus
275 2635 460 2704 corporalis.
484 2634 542 2690 Sed
564 2635 621 2692 hoe
640 2639 790 2706 systema,
801 2637 868 2706 jam
892 2635 967 2691 alibi
983 2633 1193 2701 confutatum,

120 2737 198 2778 vero
212 2723 443 2792 spiritualismo
460 2737 520 2779 non
534 2723 630 2789 lavet,
647 2725 792 2793 quamvis
812 2726 903 2781 tollat
917 2725 954 2780 de
976 2723 1076 2780 medlo
1099 2725 1194 2789 mate·

120 2811 201 2866 riam
217 2812 332 2882 ipsam.
348 2814 425 2868 Nam
439 2826 535 2868 verus
549 2814 798 2884 spiritualismus
814 2828 876 2870 non
890 2817 938 2870 est
951 2813 1012 2869 nisi
1027 2813 1111 2868 vires
1124 2826 1194 2868 eon-

120 2902 192 2957 sciae
205 2916 276 2970 quae
292 2905 463 2969 operantur
476 2903 510 2958 in
525 2902 613 2958 nobis
626 2904 749 2974 possint
763 2904 898 2960 existere
912 2904 979 2959 sine
994 2903 1065 2958 aliis
1080 2902 1193 2972 quibus

120 3003 205 3044 nune
223 2991 398 3046 sociantur.
426 2990 555 3060 Negatio
575 2992 672 3062 huJ'us
691 2993 835 3049 veritatis
858 2992 909 3047 vel
923 2993 1017 3048 etiam
1039 2991 1193 3047 dubitatio

119 3077 257 3147 aliquem
275 3080 535 3136 materialismum
555 3082 721 3152 importat.

156 3209 223 3264 721.
245 3209 499 3267 Materialisml
512 3211 680 3269 historia.
693 3242 728 3254 -
738 3215 955 3270 Materialisml
971 3214 1067 3270 variae
1083 3213 1193 3270 formae

121 3301 153 3352 et
166 3298 344 3370 perieulum
361 3301 527 3358 manifesta
544 3304 620 3358 sunt
633 3317 672 3357 ex
687 3303 755 3362 eius
771 3303 914 3360 historia.
931 3302 1192 3360 Materialismum

120 3387 285 3456 antiquum
307 3389 554 3447 confutaverunt
575 3391 728 3454 Socrates,
751 3394 838 3448 Plato
861 3395 892 3449 et
914 3392 1108 3448 Aristoteles.
1135 3391 1192 3448 Sed

122 3475 210 3531 Plato
229 3476 393 3534 idealismo
408 3479 502 3535 nimis
518 3479 654 3536 favebat.
672 3481 855 3538 Aristoteles
870 3482 977 3539 autem
992 3495 1091 3550 neque
1106 3480 1194 3538 idea-

123 3564 214 3621 lismo
239 3581 338 3637 neque
364 3569 591 3626 materialismo
614 3569 766 3636 indulsit;
791 3572 845 3628 sed
865 3571 934 3640 eJ'us
957 3569 1105 3642 discipuli
1130 3583 1193 3626 non

123 3655 225 3722 pauci,
253 3656 287 3711 in
311 3655 446 3714 decursu
475 3658 666 3729 temporum,
696 3660 861 3730 perperam
891 3659 1093 3731 interpretati
1119 3661 1195 3716 suni

156 3829 191 3892 il)
203 3832 239 3890 1³,
254 3847 280 3898 q.
296 3831 341 3884 75.
357 3832 514 3926 Praeminm.
