2910 4568
185 383 221 438 58
616 397 832 440 rsucuonoum

191 507 332 564 sationes
343 523 405 565 non
416 508 625 581 perficiuntur
635 510 668 565 in
681 508 787 564 animat
798 507 865 566 sold
875 524 974 579 neque
989 510 1021 564 in
1037 523 1168 581 corpore
1184 508 1266 574 solo,

196 596 250 652 sed
265 597 297 651 in
314 598 480 667 conjuncto
496 613 551 654 seu
565 599 739 669 composito
754 613 793 653 ex
807 597 912 654 anima
926 601 1107 668 etcorpore.
1121 599 1268 669 Insuper,

198 685 269 740 edm
286 687 534 756 uniuscujusque
558 687 673 759 speciei
695 688 908 743 sensationum
932 687 1122 758 principium
1146 686 1267 743 imme-

196 773 316 829 diatum
336 776 379 830 sit
394 789 504 832 sensus
519 775 720 846 particularis
739 775 913 832 informans
926 775 1079 844 quoddam
1095 774 1265 844 organum,

194 865 320 932 oportet
335 866 371 919 ut
386 866 578 921 sensationes
594 865 843 935 uniusqu‘usque
863 865 977 936 speciei
1000 863 1206 935 perficiantur
1229 864 1266 918 in

194 965 314 1020 organo
330 953 444 1009 debito.
462 954 539 1009 Hinc
562 954 754 1010 sensationes
775 953 863 1009 vistis
884 954 1010 1010 suntin
1034 953 1143 1018 oculis,
1160 965 1266 1008 sense-

195 1041 297 1098 tiones
312 1041 439 1098 auditus
454 1045 528 1098 suut
546 1043 578 1098 in
592 1043 733 1108 nuribus,
747 1044 778 1098 et
791 1044 836 1098 sic
850 1042 1004 1113 deinceps.
1018 1043 1090 1107 Quae
1105 1041 1267 1098 conclusio

196 1131 365 1187 concordat
379 1145 449 1188 cum
467 1145 560 1188 sensu
575 1132 744 1188 communi.
761 1132 884 1187 Falsum
900 1133 948 1187 est
961 1132 1060 1200 igitur
1074 1129 1267 1186 contendere

195 1233 266 1274 cum
282 1221 420 1276 cordesio
437 1221 602 1289 visionem,
614 1221 768 1285 auditum,
784 1221 855 1285 etc,
871 1221 978 1292 perlici
993 1221 1025 1275 in
1039 1220 1175 1276 cerebro.
1191 1221 1268 1274 Sen-

194 1308 292 1364 timus
307 1310 431 1378 quidem
455 1325 512 1381 per
530 1310 693 1366 cerebrum
716 1310 833 1365 vidisse
848 1309 899 1364 vel
917 1309 1051 1374 audisse,
1075 1309 1148 1377 quia
1162 1308 1267 1373 sedes,

193 1397 303 1452 saltem
325 1399 520 1468 principalis,
537 1413 685 1455 sensuum
705 1400 902 1454 internorum
926 1398 975 1453 est
993 1399 1026 1452 in
1041 1398 1186 1464 cerebro;
1207 1396 1268 1452 sed

195 1485 338 1542 videmus
367 1488 475 1552 oculis,
505 1488 650 1543 audimus
675 1489 815 1552 auribus,
838 1489 897 1543 etc.
919 1488 991 1551 Quae
1013 1487 1170 1542 conclusio
1190 1500 1267 1541 cum

197 1575 335 1631 inventis
350 1576 556 1646 physiologiae
569 1577 696 1630 omnino
711 1576 888 1632 concordat.

181 1772 183 1776 Α
228 1701 292 1755 830.
310 1701 483 1770 objectio.
501 1730 534 1741 -
550 1701 690 1757 sensatio
705 1701 834 1756 externa
849 1701 897 1757 est
910 1700 1113 1770 impossibilis
1132 1701 1159 1755 si
1174 1714 1271 1768 orga-

195 1803 271 1844 num
287 1789 454 1844 externum
470 1804 541 1844 cum
554 1790 682 1845 cerebro
702 1803 764 1844 non
786 1791 1010 1855 communicat;
1027 1803 1102 1858 ergo
1126 1789 1270 1845 sensatio

194 1877 359 1947 perficitur
371 1878 404 1932 in
419 1879 558 1934 cerebro.

228 1963 320 2039 Resp.
337 1997 371 2006 -
391 1968 432 2022 De
448 1967 506 2023 hoc
526 1967 608 2023 facto
631 1981 693 2023 non
714 1968 914 2023 concordant.
934 1967 1077 2022 Ceterum
1104 1968 1163 2022 hoc
1190 1981 1270 2036 pro·

196 2055 286 2111 beret
305 2055 501 2113 solummodo
517 2056 828 2112 communicationem
845 2070 916 2111 cum
932 2056 1060 2111 cerebro
1075 2070 1142 2112 esse
1157 2056 1273 2112 condi-

195 2144 314 2200 tionem
329 2146 514 2215 requisitam
530 2146 568 2201 ad
583 2147 791 2201 sensationem
804 2151 973 2201 externam.

601 2466 730 2526 CAPUT
749 2465 850 2524 XLIX

246 2628 287 2669 DE
307 2628 452 2670 SENSIBUS
472 2628 623 2670 INTERNIS
642 2629 680 2668 ΕΤ
700 2627 863 2669 8ΡΕΟΙΔΤΙΜ
881 2628 921 2669 ΒΕ
941 2629 1037 2670 SENSU
1056 2628 1203 2670 commum

446 2725 517 2767 mvn
535 2726 575 2766 Du
595 2725 801 2767 consensuum
820 2725 972 2768 sumsmlm

228 2871 290 2927 831.
307 2871 360 2928 De
379 2873 547 2929 sensibus
566 2873 746 2929 internis:
772 2873 949 2944 quomodo
967 2877 1055 2928 sunt
1077 2871 1270 2942 obiectivi.

192 2961 392 3017 -Sensibus
417 2963 555 3018 externis
580 2961 697 3034 objecta
722 2963 961 3031 cognoscimus;
989 2960 1132 3016 sensibus
1154 2961 1269 3018 autem

190 3049 326 3106 internis
341 3049 513 3121 subjectum
527 3052 641 3123 ipsum.
657 3052 805 3107 Attamen
818 3051 911 3106 etiam
926 3050 1062 3106 sensatio
1077 3050 1201 3106 interna
1215 3053 1273 3107 est

190 3139 295 3208 aliquo
320 3139 411 3194 modo
435 3139 599 3209 obJ'cctiva
616 3143 653 3198 ut
675 3140 866 3201 dictumest,
888 3138 962 3206 quia
983 3151 1123 3209 peream
1145 3152 1273 3206 cogno·

190 3227 307 3283 scimus
322 3226 407 3282 aliud
419 3227 512 3296 quam
528 3229 638 3298 ipsam,
655 3230 775 3286 scilicet
789 3228 981 3284 sensationes
994 3239 1144 3282 sensuum
1156 3216 1269 3282 exter-

190 3328 302 3370 norum
319 3317 375 3371 aut
387 3316 634 3374 modificationes
650 3319 782 3388 subjecti
795 3316 969 3372 sentientis.
982 3317 1113 3386 Insuper
1123 3313 1269 3370 sensatlo

191 3404 317 3459 interna
331 3405 380 3460 est
403 3405 505 3460 adhuc
520 3407 582 3462 alio
598 3407 689 3462 modo
704 3407 871 3475 objectiva,
887 3406 1039 3472 quatenus
1060 3403 1202 3460 refertur
1221 3404 1268 3459 ad

190 3493 347 3561 objectum
376 3496 545 3550 externum
574 3496 737 3558 indirecte,
764 3495 883 3551 scilicet
907 3492 1063 3548 mediante
1082 3492 1268 3548 sensatione

192 3582 335 3646 externa,
355 3597 424 3652 quae
439 3585 487 3641 est
502 3585 570 3654 eius
584 3585 740 3654 objectum
757 3584 923 3640 directum.

225 3705 289 3763 832.
317 3707 574 3765 sensationum
597 3710 827 3766 internarum
854 3711 893 3764 et
916 3706 1072 3762 aliarum
1099 3706 1270 3762 allectio-

189 3810 279 3852 num
294 3796 504 3867 implicatio.
521 3799 676 3855 Materia
689 3799 728 3854 ln
741 3796 915 3868 praesenti
928 3795 1132 3851 tractanda.
1149 3825 1184 3834 —
1199 3795 1276 3852 Pri-
