2828 4550
183 361 233 416 106
610 376 826 417 essenonooia

184 487 314 557 jectum,
341 487 393 542 sed
421 487 558 556 seipsum
588 490 798 556 cognosceret.
824 487 941 542 Exinde
975 488 1150 559 periculum
1174 489 1261 546 idea·

186 576 282 641 lismi,
299 577 349 630 vel
369 576 463 630 etiam
481 575 678 644 pantheismi.
1187 569 1191 576 ’
1322 567 1326 572 ’

220 711 283 765 934.
305 709 390 764 Idea
411 709 638 765 intellectum
657 710 877 766 determinat
890 711 939 766 ad
958 710 1259 780 eopnoscendum.

185 799 364 854 -Nonnisi
380 813 437 870 per
460 799 562 853 ideam
578 799 757 854 intellectus
772 800 1002 855 determinatur
1015 800 1054 854 ad
1072 814 1263 869 eognoscen-

186 889 271 943 dum.
287 891 362 942 Nam
379 889 566 952 intellectus,
583 892 620 942 ut
634 889 709 943 alibi
725 889 904 944 dictumest
919 897 961 944 in.
981 889 1043 956 867)
1057 890 1105 944 est
1118 887 1260 962 potiens,

188 978 342 1046 quatenus
358 976 472 1032 natura
486 976 544 1032 suit
558 982 606 1034 est
620 978 881 1033 indeterminatus
895 979 933 1033 ad
944 978 1190 1046 cognoscendum
1203 978 1262 1033 vel

186 1081 247 1121 non
281 1067 543 1134 cognoscendum,
578 1067 616 1122 ad
655 1067 902 1135 cognoscendum
936 1082 1034 1122 unum
1069 1066 1119 1121 vel
1151 1066 1258 1121 aliud.

187 1155 317 1227 Oportet
339 1157 438 1224 igitur
452 1157 488 1210 ut
506 1170 563 1226 per
577 1155 704 1224 aliquod
718 1157 910 1226 principium
931 1156 1169 1210 determinetur.
1191 1156 1263 1209 Hoc

189 1246 295 1300 autem
312 1245 504 1314 principium
520 1247 568 1300 est
586 1244 665 1308 idea,
682 1259 736 1300 seu
757 1244 860 1300 forma
873 1245 985 1314 objecti
1005 1245 1037 1298 in
1053 1244 1228 1300 intellectu.

220 1371 284 1425 935.
307 1370 453 1440 Species
467 1370 709 1440 intelligibilis
723 1370 856 1442 speciei
870 1371 1033 1426 sensibili
1047 1369 1261 1440 respondet.

183 1490 218 1498 —
234 1459 339 1514 Exilis
356 1460 498 1514 videmus
513 1460 614 1514 ideam
630 1473 684 1514 seu
704 1459 836 1528 speeiem
861 1459 1091 1528 intelligibilem
1112 1473 1177 1513 esse
1196 1473 1263 1512 ne-

185 1549 351 1604 cessariam
370 1548 408 1603 ad
425 1549 674 1617 intelligendum,
690 1549 771 1603 siout
784 1549 901 1620 speeies
916 1549 1072 1604 sensibilis
1087 1549 1135 1603 est
1147 1561 1261 1604 neces·

184 1638 267 1693 saria
294 1637 332 1692 ad
361 1638 573 1692 sentiendum.
602 1637 686 1693 Unde
712 1638 858 1692 similiter
886 1637 1084 1707 explicantur
1117 1636 1265 1706 cognitio

184 1727 406 1782 intellectualis
436 1727 467 1781 et
498 1727 634 1796 cognitio
660 1727 825 1782 sensibilis.
856 1727 1016 1796 Objeotum
1043 1726 1264 1795 intelligibile,

185 1815 305 1871 scilicet
319 1817 498 1870 universale
517 1816 710 1871 abstractum
737 1816 774 1869 ab
794 1817 955 1872 intellectu
986 1817 1107 1886 agente,
1128 1815 1193 1884 agit
1225 1817 1263 1871 in

183 1905 376 1960 intellectum
403 1905 586 1972 patientem,
608 1905 661 1972 qui
685 1905 798 1974 recipit
819 1903 951 1976 speeiem
970 1903 1170 1976 impressam.
1196 1905 1264 1960 Sed

185 1993 364 2048 intellectus
383 1994 496 2062 accipit
518 1993 757 2049 similitudinem
781 1993 894 2061 objecti
918 2009 980 2050 non
998 1995 1100 2048 solum
1116 1993 1262 2061 passive,

185 2082 343 2137 sedetiam
360 2085 473 2150 active,
484 2083 515 2137 id
530 2089 587 2147 est,
604 2083 756 2153 exprimit
770 2082 926 2150 objectum
942 2082 1149 2152 intelligibile,
1164 2082 1264 2138 effor-

185 2172 298 2227 mando
318 2169 449 2245 speciem
474 2187 665 2244 conpressam,
683 2173 715 2226 et
735 2173 779 2227 sio
803 2173 1017 2241 exprimendo,
1043 2172 1178 2241 concipit
1198 2186 1264 2229 seu
1291 2159 1293 2164 ¹

182 2262 351 2330 cognoscit.

217 2395 281 2451 936.
297 2395 460 2450 Verbum
475 2397 618 2451 mentis.
635 2425 670 2436 ·-
686 2397 741 2451 Hic
755 2398 924 2467 conceptus
943 2396 1061 2450 dieitur
1074 2396 1168 2450 etiam
1184 2409 1264 2450 ver-

183 2485 256 2539 bum
284 2486 412 2550 mentis;
437 2499 509 2538 narn
535 2499 621 2540 mens
644 2486 786 2554 loquitur
808 2500 913 2540 secum
935 2484 1144 2552 conceptibus.
1165 2483 1263 2540 Unde

182 2573 273 2628 valde
289 2575 395 2628 differt
413 2574 544 2628 verbum
566 2574 679 2629 mentis
702 2589 720 2628 a
739 2575 834 2629 verbo
850 2574 915 2629 oris
930 2574 981 2628 vel
1002 2575 1097 2628 etiam
1117 2587 1136 2626 a
1155 2574 1260 2628 verbo

182 2663 264 2728 quod
280 2663 491 2731 imaginamur
507 2678 514 2714 :
531 2662 590 2717 hoc
605 2665 652 2718 est
676 2663 871 2732 phantasma,
896 2677 957 2731 quo
977 2677 1059 2732 saepe
1079 2662 1200 2716 utimur
1216 2662 1261 2716 ad

184 2751 420 2820 concipiendum
444 2752 476 2806 et
499 2751 755 2820 intelligendum
780 2753 909 2806 verbum
934 2753 1040 2806 autem
1071 2750 1183 2805 mentis
1206 2753 1263 2806 est

181 2838 248 2908 ipse
263 2843 440 2908 conceptus,
457 2841 527 2911 ipsa
540 2841 610 2895 idea
624 2855 782 2910 expressa.

220 2974 282 3027 937.
296 2973 476 3030 Quomodo
490 2975 571 3030 idea
586 2975 703 3031 oritur
717 2991 738 3030 a
753 2975 921 3031 sensibus
935 2979 972 3029 et
986 2975 1033 3029 ab
1047 2973 1261 3029 intellectu:

183 3063 228 3118 de
242 3063 428 3118 idealismo
442 3068 479 3120 et
498 3065 684 3120 sensismo.
702 3095 735 3103 -
751 3065 822 3118 Idea
841 3065 944 3120 oritur
959 3079 977 3118 a
991 3078 1084 3119 sensu
1108 3062 1259 3131 quidem;

183 3166 255 3207 nam
271 3167 381 3207 sensus
399 3152 516 3220 praebet
531 3155 694 3208 materiam
709 3168 763 3208 seu
777 3153 973 3223 phantasma.
989 3153 1046 3208 Sed
1065 3152 1135 3206 idea
1148 3151 1262 3208 oritur

183 3243 359 3310 praesertim
375 3241 411 3295 ab
426 3242 599 3310 intellectu,
615 3244 667 3310 qui
690 3242 846 3298 abstrahit
860 3243 1039 3297 universale
1063 3255 1081 3295 a
1102 3241 1264 3312 phantas-

181 3331 265 3385 mate
282 3330 470 3391 lintelleotus
486 3330 592 3400 agens)
617 3333 648 3386 et
663 3331 799 3402 concipit
820 3345 874 3385 seu
891 3331 1050 3399 cognoscit
1063 3328 1260 3399 (intellectus

180 3419 303 3488 patiens
325 3435 379 3474 seu
400 3419 578 3489 possibilis).
594 3421 664 3474 Haec
678 3423 726 3474 est
745 3421 834 3488 origo
849 3420 990 3474 idearum
1007 3433 1042 3474 ao
1057 3418 1186 3487 proinde
1202 3419 1260 3474 to-

181 3508 246 3563 tius
261 3508 449 3576 cognitionis
465 3509 620 3563 humanae.

218 3599 326 3664 ltaque
356 3599 629 3653 erraverunttum
655 3597 701 3651 illl
727 3597 779 3665 qui
810 3597 848 3652 ad
868 3598 966 3652 solam
987 3594 1151 3650 materiam
1173 3595 1264 3664 (sen-

182 3685 294 3756 sistae),
331 3686 399 3740 tum
431 3685 478 3740 illi
512 3685 566 3752 qui
596 3685 635 3740 ad
660 3685 758 3740 solam
793 3683 927 3738 formam
960 3684 1037 3739 ideae
1069 3682 1263 3752 (idealistae)

181 3775 395 3830 attenderunt.
427 3773 484 3829 Sed
511 3787 622 3829 revera
650 3788 750 3842 neque
777 3773 847 3828 idea
863 3775 912 3828 est
939 3786 997 3827 sua
1025 3771 1167 3838 materia,
1197 3785 1262 3828 ne-
