2790 4546
191 394 246 452 204
674 411 790 452 urerer

192 520 275 576 enim
291 520 428 588 cognitio
443 521 569 576 erebus
593 521 726 590 cognitis
741 521 905 586 causatur;
923 521 975 575 sed
990 520 1099 575 divina
1121 520 1263 588 cognitio

192 594 240 648 est
260 605 354 646 causa
381 606 487 646 rerum
514 592 722 660 cognitarum.
747 592 832 646 Unde
850 590 1000 662 perfectio
1022 591 1152 646 humani
1177 589 1263 656 boni,

192 677 261 732 quae
275 661 435 718 beatitudo
451 662 577 727 dicitur,
598 677 660 718 non
678 663 784 733 potest
801 663 925 718 causari
946 661 1092 716 anotitid
1112 661 1263 725 bumana,

192 733 245 790 sed
262 734 360 802 magis
377 734 490 788 notitia
503 733 641 789 humana
655 734 692 789 de
706 734 898 789 beatitudine
913 733 1049 801 aliqu'us
1068 732 1209 801 procedit
1231 734 1265 788 et

192 805 419 872 quodammodo
441 806 589 876 causatur
611 805 649 859 ab
673 805 741 874 ipsd
764 805 902 860 humana
927 804 1120 860 beatitudine
1143 804 1193 858 vel
1215 804 1266 859 in·

192 875 312 938 cucata,
330 877 379 930 vel
399 875 546 946 perfecta.
565 876 602 930 nt
618 877 687 931 ideo
702 878 735 931 in
754 875 900 932 ramavel
914 877 947 930 in
966 875 1068 943 gioria
1081 889 1144 930 non
1161 875 1267 944 potest

191 946 362 1002 consistere
378 946 514 1002 hominis
538 947 708 1003 beatitudo.
724 947 781 1003 Sed
802 947 917 1002 bonum
937 945 1073 1002 hominis
1096 946 1263 1016 dependet,

192 1018 274 1074 sicut
286 1033 325 1073 ex
340 1017 444 1085 causi,
460 1033 500 1073 cx
517 1019 694 1087 cognitione
713 1018 785 1081 Dei3
800 1023 832 1072 et
846 1018 914 1074 ideo
936 1032 975 1072 ex
993 1016 1095 1084 glorie
1119 1031 1189 1084 quae
1211 1022 1266 1073 est

191 1089 273 1155 apud
289 1093 384 1144 Deum
400 1090 554 1160 dependet
576 1088 734 1145 beatitudo
751 1089 886 1144 bominis
901 1088 983 1144 sicut
1002 1103 1042 1143 ex
1059 1087 1154 1142 causa
1167 1087 1263 1143 suiam

191 1161 244 1214 list
258 1160 352 1215 etlam
377 1161 463 1216 aliud
486 1160 757 1223 considerandum,
774 1161 856 1227 qubd
879 1160 1017 1214 humana
1041 1159 1154 1214 notitia
1177 1174 1265 1230 saepe

192 1229 323 1296 fallitur,
347 1232 379 1286 et
392 1233 548 1302 praecipue
567 1232 599 1286 in
624 1231 837 1300 singularibus
863 1230 1127 1298 contingentibus,
1151 1231 1268 1299 quus-

192 1302 276 1428 irnoldi
291 1305 467 1444 sunt(a;:tus
483 1302 632 1368 humani3
653 1305 686 1358 ct
707 1304 777 1359 idcd
797 1303 978 1370 frequenter
1001 1301 1140 1356 humana
1160 1302 1268 1370 gloria

206 1387 224 1426 a
250 1377 353 1428 exest
383 1374 418 1426 l.

226 1488 342 1551 Quarto
358 1487 516 1544 beatitudo
535 1502 612 1544 vera
626 1502 688 1543 non
709 1488 854 1544 consistit
871 1488 905 1543 in
924 1488 1090 1558 potestate.
1109 1486 1186 1542 Nam
1208 1501 1270 1557 po·

190 1575 287 1630 testas
302 1576 396 1632 habet
410 1577 563 1633 rationem
579 1577 736 1647 principii,
758 1576 917 1632 beatitudo
932 1577 1036 1632 autem
1053 1576 1147 1632 habet
1160 1575 1271 1630 ratio-

192 1678 263 1718 nem
283 1665 388 1720 ultimi
407 1664 487 1720 finis.
508 1667 622 1722 Deinde
642 1667 781 1736 potestas
800 1666 942 1721 sehabet
958 1665 996 1720 ad
1020 1665 1136 1721 bonum
1160 1666 1193 1720 ct
1221 1664 1268 1720 ad

192 1753 320 1818 malum,
345 1755 419 1810 dum
443 1755 601 1810 beatitudo
622 1755 670 1810 est
695 1754 870 1827 perfectum
897 1755 1029 1819 bonum;
1054 1754 1136 1809 unde
1161 1755 1270 1822 magis

191 1843 377 1898 consisteret
391 1842 551 1900 beatitudo
564 1845 596 1899 in
611 1845 688 1900 bono
704 1859 764 1900 usu
780 1845 944 1916 potestatis
959 1843 1052 1914 quam
1067 1843 1100 1898 in
1116 1841 1185 1914 ipsa
1198 1857 1266 1912 po-

191 1933 315 1987 testate.
331 1933 496 1996 Praeterea,
511 1936 547 1988 ut
557 1934 661 2005 pergit
675 1936 706 1988 S.
726 1935 780 1989 Th.
795 1952 801 1989 :

226 2040 362 2093 Possunt
376 2040 512 2108 quatuor
526 2041 684 2108 generales
700 2043 837 2097 rationes
853 2041 957 2096 induci
973 2041 1012 2096 ad
1030 2039 1266 2096 ostendendum

191 2109 273 2179 quod
289 2108 321 2164 ln
341 2112 426 2166 nullo
448 2113 686 2182 praemissorum
707 2114 901 2168 exteriorum
927 2113 1078 2167 bonorum
1099 2111 1268 2168 beatitudo

191 2181 348 2237 consistat.
365 2183 501 2246 Quarum
526 2183 629 2253 prima
650 2185 707 2249 est,
731 2184 901 2253 quodcum
925 2184 1085 2239 beatitudo
1108 2183 1149 2238 sit
1170 2197 1272 2238 sum-

194 2267 279 2307 mum
296 2252 430 2308 hominis
446 2253 572 2316 bonum,
588 2269 649 2310 non
662 2256 970 2325 compatitursecum
986 2254 1111 2323 aliquod
1127 2255 1269 2320 malum;

193 2325 298 2378 omnia
310 2327 415 2379 autem
430 2326 581 2394 praedicta
595 2329 727 2395 possunt
741 2327 878 2381 inveniri
893 2328 924 2381 ct
943 2327 975 2380 in
993 2327 1078 2380 bonis
1099 2325 1177 2380 etin
1194 2339 1272 2380 ma-

194 2395 241 2450 lis.
255 2396 393 2449 Secunda
405 2395 486 2451 ratio
499 2399 556 2460 est,
566 2397 640 2465 quia
650 2398 721 2451 cum
733 2398 770 2452 de
781 2398 902 2453 ratione
914 2396 1116 2451 beatitudinis
1126 2396 1169 2450 sit
1178 2398 1270 2463 quod

193 2467 235 2520 sit
253 2481 306 2536 per
322 2481 355 2521 ee
378 2467 574 2526 sufficiens...
597 2482 720 2523 neccsse
740 2470 787 2523 est
808 2468 900 2536 qued,
926 2468 1117 2522 beatitudine
1137 2467 1270 2534 adepta,

193 2537 314 2591 nullum
333 2540 445 2591 bonum
462 2539 671 2598 necessarium
688 2539 807 2594 homini
823 2539 919 2604 desit3
936 2539 1056 2608 adeptis
1071 2538 1176 2594 autem
1194 2539 1270 2592 sin-

192 2609 274 2675 gulis
289 2609 535 2678 praemissorum‚
548 2613 679 2678 possunt
693 2610 795 2665 adbuc
811 2612 911 2670 multa
930 2609 1142 2664 bonohomini
1158 2622 1272 2665 neces-

192 2679 275 2733 saria
290 2679 405 2742 deesse,
431 2679 508 2749 pute
523 2681 686 2751 sapientia,
706 2681 824 2736 sanitas
839 2681 1019 2751 corporis...
1045 2681 1159 2743 Tertia,
1176 2679 1269 2748 quia,

192 2751 263 2804 clim
283 2749 443 2805 beatitudo
459 2752 501 2805 sit
520 2751 634 2808 bonum
650 2753 835 2822 perlectum,
857 2767 896 2806 ex
917 2752 1109 2806 beatitudine
1129 2764 1190 2805 non
1209 2766 1270 2819 po·

192 2821 254 2874 test
268 2821 392 2888 aliquod
410 2823 526 2876 malum
542 2823 635 2878 alicui
651 2824 833 2893 provenire;
849 2823 931 2891 quod
946 2837 1007 2877 non
1020 2822 1167 2877 convenit
1182 2836 1270 2892 prae·

193 2891 305 2968 missis.
332 2893 451 2948 [licitur
474 2894 557 2948 enim
585 2895 829 2964 (Eccle.‚v,12)‚
852 2893 934 2962 qubd
959 2890 1077 2947 diotttae
1095 2889 1268 2948 interdum

191 2964 421 3016 conservantur
440 2960 475 3017 in
494 2962 614 3018 molum
636 2962 757 3020 domini
772 2965 842 3029 sut,·
867 2967 898 3020 et
918 2965 1019 3020 simile
1036 2965 1124 3034 patet
1142 2964 1174 3018 in
1189 2964 1268 3022 aliis

191 3033 303 3088 tribus.
315 3036 432 3097 Quarta
442 3036 523 3090 ratio
538 3037 594 3101 est,
607 3038 681 3103 quia
695 3037 733 3092 ad
745 3037 969 3092 beatitudinem
986 3035 1078 3089 bomo
1093 3035 1270 3092 ordinatur

191 3119 249 3174 per
263 3105 418 3176 principia
432 3107 594 3172 interiora,
611 3109 681 3162 cum
697 3109 736 3163 ad
749 3108 849 3178 ipsam
869 3106 1057 3162 naturaliter
1075 3107 1267 3172 ordinatum

192 3175 356 3244 praemissa
378 3179 483 3232 autem
503 3181 640 3246 quatuor
663 3180 743 3234 bona
764 3180 863 3248 magis
882 3181 957 3234 sunt
972 3192 991 3233 a
1005 3179 1107 3233 causis
1127 3177 1271 3234 exterio-

192 3247 289 3310 ribus
307 3251 339 3302 et
353 3249 576 3319 utplurimum
595 3264 614 3303 a
634 3249 777 3316 sortuna3
804 3252 931 3306 undeet
952 3249 1030 3304 bona
1050 3249 1186 3304 fortunae
1204 3248 1266 3303 di-

191 3320 422 3462 cunturfftligde
444 3321 531 3390 patet
545 3321 627 3389 qudd
641 3322 674 3376 in
690 3322 860 3393 praemissis
884 3320 969 3376 nullo
987 3319 1078 3376 modo
1097 3320 1266 3376 beatitudo

191 3403 293 3444 consis
311 3405 320 3444 1
394 3431 401 3444 .

231 3513 309 3569 1160.
336 3516 433 3572 Bona
452 3516 678 3586 corporalia:
704 3517 883 3587 voluptas.
905 3548 939 3557 -
964 3518 1067 3584 Neque
1102 3516 1270 3572 beatitudo

192 3604 363 3660 consistere
383 3606 487 3676 potest
505 3607 538 3660 in
563 3606 642 3661 bono
665 3608 816 3678 corporis.
833 3610 908 3662 Nam
930 3611 1043 3676 corpus
1065 3609 1114 3662 cst
1136 3607 1272 3677 propter

224 3753 254 3811 m
270 3753 351 3811 rora..
369 3771 393 3804 a.
409 3757 433 3805 s.

223 3816 258 3881 (2)
277 3817 362 3878 reia,
381 3833 403 3866 a.
422 3821 448 3868 4.
