<?xml version="1.0" encoding="UTF-8"?>
<!DOCTYPE html PUBLIC "-//W3C//DTD XHTML 1.0 Transitional//EN"
    "http://www.w3.org/TR/xhtml1/DTD/xhtml1-transitional.dtd">
<html xmlns="http://www.w3.org/1999/xhtml" xml:lang="en" lang="en">
 <head>
  <title>
</title>
<meta http-equiv="Content-Type" content="text/html;charset=utf-8" />
  <meta name='ocr-system' content='tesseract 3.04.00' />
  <meta name='ocr-capabilities' content='ocr_page ocr_carea ocr_par ocr_line ocrx_word'/>
</head>
<body>
  <div class='ocr_page' id='page_1' title='image "./manualephilosop00blangoog_0092.png"; bbox 0 0 2910 4568; ppageno 0'>
   <div class='ocr_carea' id='block_1_1' title="bbox 441 346 1201 462">
    <p class='ocr_par' dir='ltr' id='par_1_1' title="bbox 441 346 1201 462">
     <span class='ocr_line' id='line_1_1' title="bbox 441 346 1201 462; baseline 0.003 -8"><span class='ocrx_word' id='word_1_1' title='bbox 441 413 541 455; x_wconf 73' lang='lat' dir='ltr'>curor</span> <span class='ocrx_word' id='word_1_2' title='bbox 556 413 622 454; x_wconf 86' lang='lat' dir='ltr'>mu.</span> <span class='ocrx_word' id='word_1_3' title='bbox 639 428 674 439; x_wconf 98' lang='lat'>-</span> <span class='ocrx_word' id='word_1_4' title='bbox 693 405 739 453; x_wconf 79' lang='lat' dir='ltr'>u⁰⁵</span> <span class='ocrx_word' id='word_1_5' title='bbox 753 399 815 462; x_wconf 81' lang='lat'>902,</span> <span class='ocrx_word' id='word_1_6' title='bbox 833 398 886 454; x_wconf 84' lang='lat'>903</span> <span class='ocrx_word' id='word_1_7' title='bbox 1034 346 1047 366; x_wconf 40' lang='lat'><strong><em>⁹</em></strong></span> <span class='ocrx_word' id='word_1_8' title='bbox 1169 401 1201 456; x_wconf 85' lang='lat'>91</span> 
     </span>
    </p>
   </div>
   <div class='ocr_carea' id='block_1_2' title="bbox 138 521 1204 720">
    <p class='ocr_par' dir='ltr' id='par_1_2' title="bbox 138 521 1204 720">
     <span class='ocr_line' id='line_1_2' title="bbox 138 521 1202 594; baseline 0.004 -16"><span class='ocrx_word' id='word_1_9' title='bbox 138 523 250 590; x_wconf 88' lang='lat' dir='ltr'>judicio</span> <span class='ocrx_word' id='word_1_10' title='bbox 268 525 404 580; x_wconf 90' lang='lat' dir='ltr'>rationis</span> <span class='ocrx_word' id='word_1_11' title='bbox 429 524 541 590; x_wconf 76' lang='lat' dir='ltr'>aliquis</span> <span class='ocrx_word' id='word_1_12' title='bbox 566 521 661 578; x_wconf 85' lang='lat' dir='ltr'>iaciat</span> <span class='ocrx_word' id='word_1_13' title='bbox 684 539 763 594; x_wconf 90' lang='lat' dir='ltr'>opus</span> <span class='ocrx_word' id='word_1_14' title='bbox 783 525 948 580; x_wconf 90' lang='lat' dir='ltr'>charitatis</span> <span class='ocrx_word' id='word_1_15' title='bbox 966 524 1058 593; x_wconf 78' lang='lat' dir='ltr'>quam</span> <span class='ocrx_word' id='word_1_16' title='bbox 1079 539 1119 580; x_wconf 85' lang='lat' dir='ltr'>ex</span> <span class='ocrx_word' id='word_1_17' title='bbox 1139 527 1202 582; x_wconf 80' lang='lat' dir='ltr'>sold</span> 
     </span>
     <span class='ocr_line' id='line_1_3' title="bbox 141 595 1204 720; baseline 0.003 -71"><span class='ocrx_word' id='word_1_18' title='bbox 141 595 277 720; x_wconf 63' lang='lat' dir='ltr'>Bassione</span> <span class='ocrx_word' id='word_1_19' title='bbox 295 595 528 651; x_wconf 74' lang='lat' dir='ltr'>misericordiae.</span> <span class='ocrx_word' id='word_1_20' title='bbox 546 596 613 650; x_wconf 82' lang='lat' dir='ltr'>Alio</span> <span class='ocrx_word' id='word_1_21' title='bbox 630 596 720 650; x_wconf 92' lang='lat' dir='ltr'>modo</span> <span class='ocrx_word' id='word_1_22' title='bbox 736 610 768 650; x_wconf 89' lang='lat' dir='ltr'>se</span> <span class='ocrx_word' id='word_1_23' title='bbox 785 596 901 651; x_wconf 87' lang='lat' dir='ltr'>habent</span> <span class='ocrx_word' id='word_1_24' title='bbox 919 603 1155 664; x_wconf 80' lang='lat' dir='ltr'>consequenter,</span> <span class='ocrx_word' id='word_1_25' title='bbox 1173 599 1204 652; x_wconf 91' lang='lat' dir='ltr'>et</span> 
     </span>
    </p>
   </div>
   <div class='ocr_carea' id='block_1_3' title="bbox 139 666 1204 1305">
    <p class='ocr_par' dir='ltr' id='par_1_3' title="bbox 139 666 1204 1305">
     <span class='ocr_line' id='line_1_4' title="bbox 160 666 1204 737; baseline 0.001 -16"><span class='ocrx_word' id='word_1_26' title='bbox 160 680 192 721; x_wconf 91' lang='lat' dir='ltr'>oc</span> <span class='ocrx_word' id='word_1_27' title='bbox 207 667 378 736; x_wconf 80' lang='lat' dir='ltr'>dupliciter</span> <span class='ocrx_word' id='word_1_28' title='bbox 393 684 399 719; x_wconf 92' lang='lat'>:</span> <span class='ocrx_word' id='word_1_29' title='bbox 417 682 479 722; x_wconf 92' lang='lat' dir='ltr'>uno</span> <span class='ocrx_word' id='word_1_30' title='bbox 493 666 583 721; x_wconf 95' lang='lat' dir='ltr'>modo</span> <span class='ocrx_word' id='word_1_31' title='bbox 598 681 655 737; x_wconf 94' lang='lat' dir='ltr'>per</span> <span class='ocrx_word' id='word_1_32' title='bbox 671 667 796 721; x_wconf 91' lang='lat' dir='ltr'>modum</span> <span class='ocrx_word' id='word_1_33' title='bbox 810 667 1037 728; x_wconf 76' lang='lat' dir='ltr'>redundantiae,</span> <span class='ocrx_word' id='word_1_34' title='bbox 1052 667 1125 735; x_wconf 86' lang='lat' dir='ltr'>quia</span> <span class='ocrx_word' id='word_1_35' title='bbox 1139 669 1204 722; x_wconf 87' lang='lat' dir='ltr'>soi-</span> 
     </span>
     <span class='ocr_line' id='line_1_5' title="bbox 141 737 1201 807; baseline 0.003 -17"><span class='ocrx_word' id='word_1_36' title='bbox 141 737 206 792; x_wconf 88' lang='lat' dir='ltr'>licet</span> <span class='ocrx_word' id='word_1_37' title='bbox 220 741 291 792; x_wconf 82' lang='lat' dir='ltr'>oiim</span> <span class='ocrx_word' id='word_1_38' title='bbox 315 739 461 807; x_wconf 86' lang='lat' dir='ltr'>superior</span> <span class='ocrx_word' id='word_1_39' title='bbox 480 752 552 806; x_wconf 88' lang='lat' dir='ltr'>pars</span> <span class='ocrx_word' id='word_1_40' title='bbox 567 739 679 792; x_wconf 86' lang='lat' dir='ltr'>animae</span> <span class='ocrx_word' id='word_1_41' title='bbox 704 738 826 792; x_wconf 91' lang='lat' dir='ltr'>intense</span> <span class='ocrx_word' id='word_1_42' title='bbox 852 739 998 793; x_wconf 86' lang='lat' dir='ltr'>movetur</span> <span class='ocrx_word' id='word_1_43' title='bbox 1017 739 1049 792; x_wconf 91' lang='lat' dir='ltr'>in</span> <span class='ocrx_word' id='word_1_44' title='bbox 1073 739 1201 807; x_wconf 89' lang='lat' dir='ltr'>aliquid,</span> 
     </span>
     <span class='ocr_line' id='line_1_6' title="bbox 140 809 1204 880; baseline 0.003 -18"><span class='ocrx_word' id='word_1_45' title='bbox 140 809 275 875; x_wconf 84' lang='lat' dir='ltr'>sequitur</span> <span class='ocrx_word' id='word_1_46' title='bbox 292 813 412 864; x_wconf 91' lang='lat' dir='ltr'>motum</span> <span class='ocrx_word' id='word_1_47' title='bbox 429 810 496 877; x_wconf 85' lang='lat' dir='ltr'>ejus</span> <span class='ocrx_word' id='word_1_48' title='bbox 511 809 606 864; x_wconf 89' lang='lat' dir='ltr'>etiam</span> <span class='ocrx_word' id='word_1_49' title='bbox 622 823 695 878; x_wconf 90' lang='lat' dir='ltr'>pars</span> <span class='ocrx_word' id='word_1_50' title='bbox 710 809 861 874; x_wconf 65' lang='lat' dir='ltr'>insertam</span> <span class='ocrx_word' id='word_1_51' title='bbox 884 811 916 864; x_wconf 89' lang='lat' dir='ltr'>et</span> <span class='ocrx_word' id='word_1_52' title='bbox 934 810 979 864; x_wconf 91' lang='lat' dir='ltr'>sic</span> <span class='ocrx_word' id='word_1_53' title='bbox 994 810 1099 880; x_wconf 85' lang='lat' dir='ltr'>passio</span> <span class='ocrx_word' id='word_1_54' title='bbox 1115 811 1204 866; x_wconf 84' lang='lat' dir='ltr'>exis-</span> 
     </span>
     <span class='ocr_line' id='line_1_7' title="bbox 141 881 1203 950; baseline 0.002 -16"><span class='ocrx_word' id='word_1_55' title='bbox 141 883 202 934; x_wconf 87' lang='lat' dir='ltr'>tens</span> <span class='ocrx_word' id='word_1_56' title='bbox 229 881 457 947; x_wconf 79' lang='lat' dir='ltr'>consequenter</span> <span class='ocrx_word' id='word_1_57' title='bbox 479 881 512 934; x_wconf 91' lang='lat' dir='ltr'>in</span> <span class='ocrx_word' id='word_1_58' title='bbox 540 881 681 950; x_wconf 85' lang='lat' dir='ltr'>appetitu</span> <span class='ocrx_word' id='word_1_59' title='bbox 707 881 860 936; x_wconf 86' lang='lat' dir='ltr'>sensitivo</span> <span class='ocrx_word' id='word_1_60' title='bbox 884 883 933 936; x_wconf 87' lang='lat' dir='ltr'>est</span> <span class='ocrx_word' id='word_1_61' title='bbox 956 881 1080 948; x_wconf 89' lang='lat' dir='ltr'>signum</span> <span class='ocrx_word' id='word_1_62' title='bbox 1103 881 1203 936; x_wconf 91' lang='lat' dir='ltr'>inten-</span> 
     </span>
     <span class='ocr_line' id='line_1_8' title="bbox 141 950 1202 1020; baseline 0.004 -16"><span class='ocrx_word' id='word_1_63' title='bbox 141 950 225 1006; x_wconf 87' lang='lat' dir='ltr'>sioris</span> <span class='ocrx_word' id='word_1_64' title='bbox 244 952 438 1017; x_wconf 88' lang='lat' dir='ltr'>voluntatis;</span> <span class='ocrx_word' id='word_1_65' title='bbox 453 953 485 1006; x_wconf 87' lang='lat' dir='ltr'>et</span> <span class='ocrx_word' id='word_1_66' title='bbox 496 952 541 1006; x_wconf 91' lang='lat' dir='ltr'>sic</span> <span class='ocrx_word' id='word_1_67' title='bbox 556 951 675 1006; x_wconf 89' lang='lat' dir='ltr'>indicat</span> <span class='ocrx_word' id='word_1_68' title='bbox 688 951 860 1006; x_wconf 85' lang='lat' dir='ltr'>bonitatem</span> <span class='ocrx_word' id='word_1_69' title='bbox 874 953 1021 1006; x_wconf 79' lang='lat' dir='ltr'>moralem</span> <span class='ocrx_word' id='word_1_70' title='bbox 1040 953 1202 1020; x_wconf 86' lang='lat' dir='ltr'>majorem.</span> 
     </span>
     <span class='ocr_line' id='line_1_9' title="bbox 141 1020 1204 1092; baseline 0.003 -17"><span class='ocrx_word' id='word_1_71' title='bbox 141 1020 202 1076; x_wconf 81' lang='lat' dir='ltr'>Alio</span> <span class='ocrx_word' id='word_1_72' title='bbox 223 1024 316 1078; x_wconf 91' lang='lat' dir='ltr'>modo</span> <span class='ocrx_word' id='word_1_73' title='bbox 336 1037 393 1092; x_wconf 91' lang='lat' dir='ltr'>per</span> <span class='ocrx_word' id='word_1_74' title='bbox 417 1023 738 1086; x_wconf 74' lang='lat' dir='ltr'>modumselectionis,</span> <span class='ocrx_word' id='word_1_75' title='bbox 759 1024 883 1090; x_wconf 88' lang='lat' dir='ltr'>quando</span> <span class='ocrx_word' id='word_1_76' title='bbox 907 1023 1026 1078; x_wconf 88' lang='lat' dir='ltr'>scilicet</span> <span class='ocrx_word' id='word_1_77' title='bbox 1046 1023 1139 1078; x_wconf 88' lang='lat' dir='ltr'>bomo</span> <span class='ocrx_word' id='word_1_78' title='bbox 1164 1039 1204 1078; x_wconf 80' lang='lat' dir='ltr'>ex</span> 
     </span>
     <span class='ocr_line' id='line_1_10' title="bbox 139 1092 1204 1164; baseline 0.004 -18"><span class='ocrx_word' id='word_1_79' title='bbox 139 1092 249 1158; x_wconf 87' lang='lat' dir='ltr'>judicio</span> <span class='ocrx_word' id='word_1_80' title='bbox 274 1094 410 1148; x_wconf 87' lang='lat' dir='ltr'>rationis</span> <span class='ocrx_word' id='word_1_81' title='bbox 434 1094 522 1162; x_wconf 82' lang='lat' dir='ltr'>eligit</span> <span class='ocrx_word' id='word_1_82' title='bbox 545 1094 625 1148; x_wconf 85' lang='lat' dir='ltr'>affici</span> <span class='ocrx_word' id='word_1_83' title='bbox 650 1093 755 1162; x_wconf 79' lang='lat' dir='ltr'>aliqua</span> <span class='ocrx_word' id='word_1_84' title='bbox 781 1095 937 1164; x_wconf 86' lang='lat' dir='ltr'>passione,</span> <span class='ocrx_word' id='word_1_85' title='bbox 964 1097 999 1149; x_wconf 89' lang='lat' dir='ltr'>ut</span> <span class='ocrx_word' id='word_1_86' title='bbox 1026 1095 1204 1164; x_wconf 80' lang='lat' dir='ltr'>promptius</span> 
     </span>
     <span class='ocr_line' id='line_1_11' title="bbox 140 1165 1202 1235; baseline 0.002 -17"><span class='ocrx_word' id='word_1_87' title='bbox 140 1167 292 1232; x_wconf 81' lang='lat' dir='ltr'>operetur,</span> <span class='ocrx_word' id='word_1_88' title='bbox 309 1167 497 1234; x_wconf 82' lang='lat' dir='ltr'>cooperante</span> <span class='ocrx_word' id='word_1_89' title='bbox 511 1165 654 1235; x_wconf 84' lang='lat' dir='ltr'>appetitu</span> <span class='ocrx_word' id='word_1_90' title='bbox 671 1165 842 1228; x_wconf 69' lang='lat' dir='ltr'>sensilium</span> <span class='ocrx_word' id='word_1_91' title='bbox 859 1167 891 1221; x_wconf 95' lang='lat' dir='ltr'>et</span> <span class='ocrx_word' id='word_1_92' title='bbox 912 1165 957 1219; x_wconf 90' lang='lat' dir='ltr'>sio</span> <span class='ocrx_word' id='word_1_93' title='bbox 972 1166 1074 1234; x_wconf 86' lang='lat' dir='ltr'>passio</span> <span class='ocrx_word' id='word_1_94' title='bbox 1090 1166 1202 1220; x_wconf 88' lang='lat' dir='ltr'>animae</span> 
     </span>
     <span class='ocr_line' id='line_1_12' title="bbox 140 1235 666 1305; baseline 0.004 -18"><span class='ocrx_word' id='word_1_95' title='bbox 140 1235 220 1290; x_wconf 83' lang='lat' dir='ltr'>addit</span> <span class='ocrx_word' id='word_1_96' title='bbox 233 1237 271 1290; x_wconf 88' lang='lat' dir='ltr'>ad</span> <span class='ocrx_word' id='word_1_97' title='bbox 286 1235 458 1291; x_wconf 86' lang='lat' dir='ltr'>bonitatem</span> <span class='ocrx_word' id='word_1_98' title='bbox 474 1236 607 1291; x_wconf 89' lang='lat' dir='ltr'>actionis</span> <span class='ocrx_word' id='word_1_99' title='bbox 619 1235 666 1305; x_wconf 74' lang='lat' dir='ltr'>(ll.</span> 
     </span>
    </p>
   </div>
   <div class='ocr_carea' id='block_1_4' title="bbox 140 1343 1258 3652">
    <p class='ocr_par' dir='ltr' id='par_1_4' title="bbox 140 1343 1221 2486">
     <span class='ocr_line' id='line_1_13' title="bbox 171 1343 1203 1426; baseline 0.004 -14"><span class='ocrx_word' id='word_1_100' title='bbox 171 1357 230 1413; x_wconf 82' lang='lat'>903.</span> <span class='ocrx_word' id='word_1_101' title='bbox 254 1343 424 1416; x_wconf 82' lang='lat' dir='ltr'>Notenda</span> <span class='ocrx_word' id='word_1_102' title='bbox 449 1361 493 1416; x_wconf 88' lang='lat' dir='ltr'>de</span> <span class='ocrx_word' id='word_1_103' title='bbox 512 1361 750 1416; x_wconf 78' lang='lat' dir='ltr'>delectatione</span> <span class='ocrx_word' id='word_1_104' title='bbox 769 1366 806 1416; x_wconf 87' lang='lat' dir='ltr'>et</span> <span class='ocrx_word' id='word_1_105' title='bbox 820 1361 950 1426; x_wconf 87' lang='lat' dir='ltr'>dolore,</span> <span class='ocrx_word' id='word_1_106' title='bbox 967 1363 1024 1417; x_wconf 90' lang='lat' dir='ltr'>etc.</span> <span class='ocrx_word' id='word_1_107' title='bbox 1041 1391 1075 1402; x_wconf 95' lang='lat'><em>-</em></span> <span class='ocrx_word' id='word_1_108' title='bbox 1095 1364 1139 1416; x_wconf 80' lang='lat' dir='ltr'>Ex</span> <span class='ocrx_word' id='word_1_109' title='bbox 1155 1360 1203 1416; x_wconf 92' lang='lat' dir='ltr'>his</span> 
     </span>
     <span class='ocr_line' id='line_1_14' title="bbox 141 1435 1203 1520; baseline 0.002 -17"><span class='ocrx_word' id='word_1_110' title='bbox 141 1459 203 1516; x_wconf 85' lang='lat' dir='ltr'>quae</span> <span class='ocrx_word' id='word_1_111' title='bbox 217 1451 380 1518; x_wconf 82' lang='lat' dir='ltr'>bucusque</span> <span class='ocrx_word' id='word_1_112' title='bbox 395 1435 538 1520; x_wconf 79' lang='lat' dir='ltr'>exposita</span> <span class='ocrx_word' id='word_1_113' title='bbox 552 1453 626 1505; x_wconf 91' lang='lat' dir='ltr'>sunt</span> <span class='ocrx_word' id='word_1_114' title='bbox 638 1451 781 1506; x_wconf 90' lang='lat' dir='ltr'>videmus</span> <span class='ocrx_word' id='word_1_115' title='bbox 801 1451 877 1506; x_wconf 89' lang='lat' dir='ltr'>alias</span> <span class='ocrx_word' id='word_1_116' title='bbox 895 1465 962 1506; x_wconf 91' lang='lat' dir='ltr'>esse</span> <span class='ocrx_word' id='word_1_117' title='bbox 983 1451 1203 1506; x_wconf 83' lang='lat' dir='ltr'>delectationes</span> 
     </span>
     <span class='ocr_line' id='line_1_15' title="bbox 142 1538 1203 1610; baseline 0.002 -18"><span class='ocrx_word' id='word_1_118' title='bbox 142 1539 300 1595; x_wconf 87' lang='lat' dir='ltr'>sensibiles</span> <span class='ocrx_word' id='word_1_119' title='bbox 327 1541 359 1594; x_wconf 90' lang='lat' dir='ltr'>et</span> <span class='ocrx_word' id='word_1_120' title='bbox 385 1539 463 1594; x_wconf 88' lang='lat' dir='ltr'>alias</span> <span class='ocrx_word' id='word_1_121' title='bbox 493 1553 560 1594; x_wconf 88' lang='lat' dir='ltr'>esse</span> <span class='ocrx_word' id='word_1_122' title='bbox 593 1538 814 1594; x_wconf 87' lang='lat' dir='ltr'>delectationes</span> <span class='ocrx_word' id='word_1_123' title='bbox 844 1539 1035 1610; x_wconf 87' lang='lat' dir='ltr'>spirituales,</span> <span class='ocrx_word' id='word_1_124' title='bbox 1059 1538 1203 1608; x_wconf 78' lang='lat' dir='ltr'>quamvis</span> 
     </span>
     <span class='ocr_line' id='line_1_16' title="bbox 141 1628 1202 1698; baseline 0.001 -17"><span class='ocrx_word' id='word_1_125' title='bbox 141 1628 265 1698; x_wconf 89' lang='lat' dir='ltr'>propter</span> <span class='ocrx_word' id='word_1_126' title='bbox 280 1628 430 1682; x_wconf 90' lang='lat' dir='ltr'>unionem</span> <span class='ocrx_word' id='word_1_127' title='bbox 453 1628 611 1698; x_wconf 80' lang='lat' dir='ltr'>appetitis</span> <span class='ocrx_word' id='word_1_128' title='bbox 636 1628 781 1683; x_wconf 86' lang='lat' dir='ltr'>sensitivi</span> <span class='ocrx_word' id='word_1_129' title='bbox 803 1642 875 1684; x_wconf 91' lang='lat' dir='ltr'>oum</span> <span class='ocrx_word' id='word_1_130' title='bbox 896 1629 1034 1698; x_wconf 88' lang='lat' dir='ltr'>appetitu</span> <span class='ocrx_word' id='word_1_131' title='bbox 1058 1629 1202 1684; x_wconf 92' lang='lat' dir='ltr'>intellec-</span> 
     </span>
     <span class='ocr_line' id='line_1_17' title="bbox 142 1717 1202 1787; baseline 0.001 -17"><span class='ocrx_word' id='word_1_132' title='bbox 142 1717 225 1781; x_wconf 90' lang='lat' dir='ltr'>tuali,</span> <span class='ocrx_word' id='word_1_133' title='bbox 241 1731 307 1772; x_wconf 92' lang='lat' dir='ltr'>non</span> <span class='ocrx_word' id='word_1_134' title='bbox 326 1717 451 1772; x_wconf 80' lang='lat' dir='ltr'>differre</span> <span class='ocrx_word' id='word_1_135' title='bbox 475 1717 659 1786; x_wconf 84' lang='lat' dir='ltr'>quandoque</span> <span class='ocrx_word' id='word_1_136' title='bbox 678 1717 857 1772; x_wconf 89' lang='lat' dir='ltr'>videantur.</span> <span class='ocrx_word' id='word_1_137' title='bbox 873 1717 1042 1772; x_wconf 89' lang='lat' dir='ltr'>Delectatio</span> <span class='ocrx_word' id='word_1_138' title='bbox 1066 1717 1127 1772; x_wconf 89' lang='lat' dir='ltr'>dici</span> <span class='ocrx_word' id='word_1_139' title='bbox 1142 1731 1202 1787; x_wconf 95' lang='lat' dir='ltr'>po-</span> 
     </span>
     <span class='ocr_line' id='line_1_18' title="bbox 142 1805 1221 1876; baseline 0.003 -18"><span class='ocrx_word' id='word_1_140' title='bbox 142 1805 198 1861; x_wconf 88' lang='lat' dir='ltr'>test</span> <span class='ocrx_word' id='word_1_141' title='bbox 215 1807 376 1867; x_wconf 88' lang='lat' dir='ltr'>sensibilis</span> <span class='ocrx_word' id='word_1_142' title='bbox 391 1806 441 1861; x_wconf 87' lang='lat' dir='ltr'>vel</span> <span class='ocrx_word' id='word_1_143' title='bbox 456 1805 631 1876; x_wconf 88' lang='lat' dir='ltr'>spiritualis</span> <span class='ocrx_word' id='word_1_144' title='bbox 652 1805 743 1861; x_wconf 81' lang='lat' dir='ltr'>modo</span> <span class='ocrx_word' id='word_1_145' title='bbox 765 1807 896 1876; x_wconf 90' lang='lat' dir='ltr'>propter</span> <span class='ocrx_word' id='word_1_146' title='bbox 914 1805 1089 1873; x_wconf 80' lang='lat' dir='ltr'>subjectum</span> <span class='ocrx_word' id='word_1_147' title='bbox 1110 1820 1221 1861; x_wconf 90' lang='lat' dir='ltr'>suum·</span> 
     </span>
     <span class='ocr_line' id='line_1_19' title="bbox 144 1894 1205 1966; baseline 0.001 -17"><span class='ocrx_word' id='word_1_148' title='bbox 144 1908 192 1949; x_wconf 90' lang='lat' dir='ltr'>seu</span> <span class='ocrx_word' id='word_1_149' title='bbox 206 1896 397 1966; x_wconf 88' lang='lat' dir='ltr'>appetitum,</span> <span class='ocrx_word' id='word_1_150' title='bbox 417 1896 507 1950; x_wconf 89' lang='lat' dir='ltr'>modb</span> <span class='ocrx_word' id='word_1_151' title='bbox 523 1897 652 1966; x_wconf 88' lang='lat' dir='ltr'>propter</span> <span class='ocrx_word' id='word_1_152' title='bbox 672 1894 829 1963; x_wconf 84' lang='lat' dir='ltr'>objectum</span> <span class='ocrx_word' id='word_1_153' title='bbox 854 1894 1045 1960; x_wconf 87' lang='lat' dir='ltr'>delectabile,</span> <span class='ocrx_word' id='word_1_154' title='bbox 1061 1895 1141 1964; x_wconf 85' lang='lat' dir='ltr'>quod</span> <span class='ocrx_word' id='word_1_155' title='bbox 1158 1896 1205 1951; x_wconf 87' lang='lat' dir='ltr'>est</span> 
     </span>
     <span class='ocr_line' id='line_1_20' title="bbox 143 1983 1204 2056; baseline 0.001 -18"><span class='ocrx_word' id='word_1_156' title='bbox 143 1985 281 2041; x_wconf 87' lang='lat' dir='ltr'>sensibile</span> <span class='ocrx_word' id='word_1_157' title='bbox 305 1985 356 2039; x_wconf 92' lang='lat' dir='ltr'>vel</span> <span class='ocrx_word' id='word_1_158' title='bbox 380 1985 554 2056; x_wconf 88' lang='lat' dir='ltr'>spirituale.</span> <span class='ocrx_word' id='word_1_159' title='bbox 572 1983 644 2038; x_wconf 93' lang='lat' dir='ltr'>lnde</span> <span class='ocrx_word' id='word_1_160' title='bbox 660 1983 697 2038; x_wconf 87' lang='lat' dir='ltr'>tit</span> <span class='ocrx_word' id='word_1_161' title='bbox 710 1985 746 2039; x_wconf 89' lang='lat' dir='ltr'>ut</span> <span class='ocrx_word' id='word_1_162' title='bbox 760 1983 901 2052; x_wconf 87' lang='lat' dir='ltr'>quaedam</span> <span class='ocrx_word' id='word_1_163' title='bbox 927 1984 1089 2040; x_wconf 87' lang='lat' dir='ltr'>delectatio</span> <span class='ocrx_word' id='word_1_164' title='bbox 1113 1985 1204 2054; x_wconf 89' lang='lat' dir='ltr'>spiri·</span> 
     </span>
     <span class='ocr_line' id='line_1_21' title="bbox 141 2071 1203 2143; baseline 0.001 -17"><span class='ocrx_word' id='word_1_165' title='bbox 141 2073 227 2130; x_wconf 89' lang='lat' dir='ltr'>tualis</span> <span class='ocrx_word' id='word_1_166' title='bbox 243 2075 398 2129; x_wconf 86' lang='lat' dir='ltr'>habeatur</span> <span class='ocrx_word' id='word_1_167' title='bbox 418 2073 455 2128; x_wconf 91' lang='lat' dir='ltr'>de</span> <span class='ocrx_word' id='word_1_168' title='bbox 469 2074 590 2143; x_wconf 89' lang='lat' dir='ltr'>objecto</span> <span class='ocrx_word' id='word_1_169' title='bbox 604 2073 751 2138; x_wconf 84' lang='lat' dir='ltr'>sensibili,</span> <span class='ocrx_word' id='word_1_170' title='bbox 766 2073 818 2128; x_wconf 86' lang='lat' dir='ltr'>vel</span> <span class='ocrx_word' id='word_1_171' title='bbox 837 2073 946 2128; x_wconf 87' lang='lat' dir='ltr'>contra</span> <span class='ocrx_word' id='word_1_172' title='bbox 960 2071 996 2128; x_wconf 87' lang='lat' dir='ltr'>tlt</span> <span class='ocrx_word' id='word_1_173' title='bbox 1012 2074 1047 2127; x_wconf 89' lang='lat' dir='ltr'>ut</span> <span class='ocrx_word' id='word_1_174' title='bbox 1061 2074 1203 2142; x_wconf 85' lang='lat' dir='ltr'>quaedam</span> 
     </span>
     <span class='ocr_line' id='line_1_22' title="bbox 143 2161 1203 2230; baseline -0.001 -13"><span class='ocrx_word' id='word_1_175' title='bbox 143 2161 301 2218; x_wconf 85' lang='lat' dir='ltr'>delectatio</span> <span class='ocrx_word' id='word_1_176' title='bbox 323 2163 479 2218; x_wconf 90' lang='lat' dir='ltr'>sensibilis</span> <span class='ocrx_word' id='word_1_177' title='bbox 498 2162 652 2217; x_wconf 91' lang='lat' dir='ltr'>habeatur</span> <span class='ocrx_word' id='word_1_178' title='bbox 673 2163 710 2216; x_wconf 94' lang='lat' dir='ltr'>de</span> <span class='ocrx_word' id='word_1_179' title='bbox 730 2162 852 2230; x_wconf 89' lang='lat' dir='ltr'>objecto</span> <span class='ocrx_word' id='word_1_180' title='bbox 875 2161 1077 2230; x_wconf 82' lang='lat' dir='ltr'>intelligibili.</span> <span class='ocrx_word' id='word_1_181' title='bbox 1103 2163 1203 2218; x_wconf 90' lang='lat' dir='ltr'>Delec-</span> 
     </span>
     <span class='ocr_line' id='line_1_23' title="bbox 143 2250 1202 2322; baseline 0.003 -20"><span class='ocrx_word' id='word_1_182' title='bbox 143 2250 212 2307; x_wconf 89' lang='lat' dir='ltr'>tatio</span> <span class='ocrx_word' id='word_1_183' title='bbox 234 2267 408 2320; x_wconf 83' lang='lat' dir='ltr'>exsurgere</span> <span class='ocrx_word' id='word_1_184' title='bbox 427 2254 532 2322; x_wconf 89' lang='lat' dir='ltr'>potest</span> <span class='ocrx_word' id='word_1_185' title='bbox 551 2267 590 2306; x_wconf 81' lang='lat' dir='ltr'>ex</span> <span class='ocrx_word' id='word_1_186' title='bbox 609 2252 730 2307; x_wconf 90' lang='lat' dir='ltr'>actibus</span> <span class='ocrx_word' id='word_1_187' title='bbox 755 2251 952 2319; x_wconf 84' lang='lat' dir='ltr'>singularum</span> <span class='ocrx_word' id='word_1_188' title='bbox 976 2252 1202 2319; x_wconf 89' lang='lat' dir='ltr'>potentiarum,</span> 
     </span>
     <span class='ocr_line' id='line_1_24' title="bbox 142 2339 1202 2410; baseline 0.003 -18"><span class='ocrx_word' id='word_1_189' title='bbox 142 2340 188 2395; x_wconf 89' lang='lat' dir='ltr'>sed</span> <span class='ocrx_word' id='word_1_190' title='bbox 200 2341 381 2397; x_wconf 78' lang='lat' dir='ltr'>formaliter</span> <span class='ocrx_word' id='word_1_191' title='bbox 395 2355 457 2396; x_wconf 93' lang='lat' dir='ltr'>non</span> <span class='ocrx_word' id='word_1_192' title='bbox 474 2341 637 2396; x_wconf 88' lang='lat' dir='ltr'>invenitur</span> <span class='ocrx_word' id='word_1_193' title='bbox 659 2341 719 2395; x_wconf 89' lang='lat' dir='ltr'>nisi</span> <span class='ocrx_word' id='word_1_194' title='bbox 739 2342 770 2394; x_wconf 92' lang='lat' dir='ltr'>in</span> <span class='ocrx_word' id='word_1_195' title='bbox 791 2340 933 2410; x_wconf 89' lang='lat' dir='ltr'>appetitu</span> <span class='ocrx_word' id='word_1_196' title='bbox 957 2339 1019 2395; x_wconf 77' lang='lat' dir='ltr'>una</span> <span class='ocrx_word' id='word_1_197' title='bbox 1038 2355 1107 2395; x_wconf 90' lang='lat' dir='ltr'>cum</span> <span class='ocrx_word' id='word_1_198' title='bbox 1133 2354 1202 2395; x_wconf 93' lang='lat' dir='ltr'>con·</span> 
     </span>
     <span class='ocr_line' id='line_1_25' title="bbox 140 2429 273 2486; baseline 0.015 -4"><span class='ocrx_word' id='word_1_199' title='bbox 140 2429 273 2486; x_wconf 81' lang='lat' dir='ltr'>scientia.</span> 
     </span>
    </p>

    <p class='ocr_par' dir='ltr' id='par_1_5' title="bbox 141 2515 1201 2676">
     <span class='ocr_line' id='line_1_26' title="bbox 169 2515 1201 2588; baseline -0.002 -16"><span class='ocrx_word' id='word_1_200' title='bbox 169 2519 430 2574; x_wconf 76' lang='lat' dir='ltr'>delectationibus</span> <span class='ocrx_word' id='word_1_201' title='bbox 455 2521 660 2588; x_wconf 88' lang='lat' dir='ltr'>opponuntur</span> <span class='ocrx_word' id='word_1_202' title='bbox 686 2518 819 2582; x_wconf 89' lang='lat' dir='ltr'>dolores,</span> <span class='ocrx_word' id='word_1_203' title='bbox 843 2531 976 2586; x_wconf 88' lang='lat' dir='ltr'>quorum</span> <span class='ocrx_word' id='word_1_204' title='bbox 1001 2517 1117 2572; x_wconf 85' lang='lat' dir='ltr'>iterum</span> <span class='ocrx_word' id='word_1_205' title='bbox 1148 2515 1201 2570; x_wconf 91' lang='lat' dir='ltr'>alii</span> 
     </span>
     <span class='ocr_line' id='line_1_27' title="bbox 141 2607 711 2676; baseline 0.007 -18"><span class='ocrx_word' id='word_1_206' title='bbox 141 2609 207 2662; x_wconf 89' lang='lat' dir='ltr'>sunt</span> <span class='ocrx_word' id='word_1_207' title='bbox 221 2609 386 2663; x_wconf 87' lang='lat' dir='ltr'>sensibiles</span> <span class='ocrx_word' id='word_1_208' title='bbox 401 2609 433 2661; x_wconf 91' lang='lat' dir='ltr'>et</span> <span class='ocrx_word' id='word_1_209' title='bbox 447 2607 500 2662; x_wconf 90' lang='lat' dir='ltr'>alii</span> <span class='ocrx_word' id='word_1_210' title='bbox 519 2607 711 2676; x_wconf 90' lang='lat' dir='ltr'>spirituales.</span> 
     </span>
    </p>

    <p class='ocr_par' dir='ltr' id='par_1_6' title="bbox 142 2693 1202 2946">
     <span class='ocr_line' id='line_1_28' title="bbox 171 2693 1202 2768; baseline -0.001 -20"><span class='ocrx_word' id='word_1_211' title='bbox 171 2697 266 2752; x_wconf 89' lang='lat' dir='ltr'>Porro</span> <span class='ocrx_word' id='word_1_212' title='bbox 293 2711 355 2752; x_wconf 93' lang='lat' dir='ltr'>non</span> <span class='ocrx_word' id='word_1_213' title='bbox 381 2698 429 2752; x_wconf 91' lang='lat' dir='ltr'>est</span> <span class='ocrx_word' id='word_1_214' title='bbox 454 2697 617 2768; x_wconf 91' lang='lat' dir='ltr'>proportio</span> <span class='ocrx_word' id='word_1_215' title='bbox 641 2697 725 2751; x_wconf 91' lang='lat' dir='ltr'>inter</span> <span class='ocrx_word' id='word_1_216' title='bbox 754 2696 974 2752; x_wconf 86' lang='lat' dir='ltr'>delectationes</span> <span class='ocrx_word' id='word_1_217' title='bbox 1003 2694 1052 2748; x_wconf 88' lang='lat' dir='ltr'>vel</span> <span class='ocrx_word' id='word_1_218' title='bbox 1079 2693 1202 2749; x_wconf 90' lang='lat' dir='ltr'>dolores</span> 
     </span>
     <span class='ocr_line' id='line_1_29' title="bbox 142 2782 1202 2855; baseline 0.001 -20"><span class='ocrx_word' id='word_1_219' title='bbox 142 2782 230 2838; x_wconf 89' lang='lat' dir='ltr'>animi</span> <span class='ocrx_word' id='word_1_220' title='bbox 246 2786 279 2841; x_wconf 86' lang='lat' dir='ltr'>et</span> <span class='ocrx_word' id='word_1_221' title='bbox 293 2786 516 2841; x_wconf 88' lang='lat' dir='ltr'>delectationes</span> <span class='ocrx_word' id='word_1_222' title='bbox 531 2785 582 2840; x_wconf 87' lang='lat' dir='ltr'>vel</span> <span class='ocrx_word' id='word_1_223' title='bbox 597 2785 720 2840; x_wconf 87' lang='lat' dir='ltr'>dolores</span> <span class='ocrx_word' id='word_1_224' title='bbox 735 2785 886 2855; x_wconf 87' lang='lat' dir='ltr'>corporis.</span> <span class='ocrx_word' id='word_1_225' title='bbox 903 2785 965 2838; x_wconf 90' lang='lat' dir='ltr'>illae</span> <span class='ocrx_word' id='word_1_226' title='bbox 980 2785 1086 2838; x_wconf 90' lang='lat' dir='ltr'>autem</span> <span class='ocrx_word' id='word_1_227' title='bbox 1101 2797 1158 2854; x_wconf 92' lang='lat' dir='ltr'>per</span> <span class='ocrx_word' id='word_1_228' title='bbox 1170 2797 1202 2838; x_wconf 91' lang='lat' dir='ltr'>se</span> 
     </span>
     <span class='ocr_line' id='line_1_30' title="bbox 144 2873 507 2946; baseline 0.006 -21"><span class='ocrx_word' id='word_1_229' title='bbox 144 2873 273 2930; x_wconf 83' lang='lat' dir='ltr'>maxime</span> <span class='ocrx_word' id='word_1_230' title='bbox 292 2877 445 2946; x_wconf 89' lang='lat' dir='ltr'>praestant</span> <span class='ocrx_word' id='word_1_231' title='bbox 460 2875 507 2944; x_wconf 78' lang='grc'>(2).</span> 
     </span>
    </p>

    <p class='ocr_par' dir='ltr' id='par_1_7' title="bbox 142 2959 1204 3204">
     <span class='ocr_line' id='line_1_31' title="bbox 173 2959 1204 3028; baseline -0.003 -11"><span class='ocrx_word' id='word_1_232' title='bbox 173 2962 326 3028; x_wconf 80' lang='lat' dir='ltr'>Ceterum,</span> <span class='ocrx_word' id='word_1_233' title='bbox 343 2963 564 3020; x_wconf 86' lang='lat' dir='ltr'>delectationes</span> <span class='ocrx_word' id='word_1_234' title='bbox 579 2965 611 3020; x_wconf 92' lang='lat' dir='ltr'>et</span> <span class='ocrx_word' id='word_1_235' title='bbox 626 2963 748 3018; x_wconf 91' lang='lat' dir='ltr'>dolores</span> <span class='ocrx_word' id='word_1_236' title='bbox 764 2964 839 3018; x_wconf 89' lang='lat' dir='ltr'>sunt</span> <span class='ocrx_word' id='word_1_237' title='bbox 858 2962 999 3017; x_wconf 89' lang='lat' dir='ltr'>relativae</span> <span class='ocrx_word' id='word_1_238' title='bbox 1015 2961 1109 3016; x_wconf 89' lang='lat' dir='ltr'>nimis</span> <span class='ocrx_word' id='word_1_239' title='bbox 1125 2976 1131 3016; x_wconf 94' lang='lat'><strong>:</strong></span> <span class='ocrx_word' id='word_1_240' title='bbox 1154 2959 1204 3014; x_wconf 92' lang='lat' dir='ltr'>de-</span> 
     </span>
     <span class='ocr_line' id='line_1_32' title="bbox 142 3049 1202 3118; baseline -0.002 -14"><span class='ocrx_word' id='word_1_241' title='bbox 142 3052 273 3118; x_wconf 89' lang='lat' dir='ltr'>pendent</span> <span class='ocrx_word' id='word_1_242' title='bbox 296 3053 379 3108; x_wconf 90' lang='lat' dir='ltr'>enim</span> <span class='ocrx_word' id='word_1_243' title='bbox 405 3068 444 3107; x_wconf 82' lang='lat' dir='ltr'>ex</span> <span class='ocrx_word' id='word_1_244' title='bbox 470 3053 575 3108; x_wconf 92' lang='lat' dir='ltr'>indole</span> <span class='ocrx_word' id='word_1_245' title='bbox 597 3051 817 3114; x_wconf 67' lang='lat' dir='ltr'>mirabilibus,</span> <span class='ocrx_word' id='word_1_246' title='bbox 838 3066 876 3106; x_wconf 84' lang='lat' dir='ltr'>ex</span> <span class='ocrx_word' id='word_1_247' title='bbox 899 3051 1073 3107; x_wconf 88' lang='lat' dir='ltr'>virtutibus</span> <span class='ocrx_word' id='word_1_248' title='bbox 1088 3049 1139 3104; x_wconf 89' lang='lat' dir='ltr'>vel</span> <span class='ocrx_word' id='word_1_249' title='bbox 1154 3049 1202 3103; x_wconf 87' lang='lat' dir='ltr'>vi-</span> 
     </span>
     <span class='ocr_line' id='line_1_33' title="bbox 142 3137 272 3204; baseline 0.046 -14"><span class='ocrx_word' id='word_1_250' title='bbox 142 3137 272 3204; x_wconf 90' lang='lat' dir='ltr'>tiis,etc.</span> 
     </span>
    </p>

    <p class='ocr_par' dir='ltr' id='par_1_8' title="bbox 142 3229 1204 3561">
     <span class='ocr_line' id='line_1_34' title="bbox 173 3229 1201 3297; baseline -0.003 -14"><span class='ocrx_word' id='word_1_251' title='bbox 173 3230 395 3286; x_wconf 86' lang='lat' dir='ltr'>Delectationes</span> <span class='ocrx_word' id='word_1_252' title='bbox 415 3231 575 3288; x_wconf 85' lang='lat' dir='ltr'>sensibiles</span> <span class='ocrx_word' id='word_1_253' title='bbox 590 3231 761 3286; x_wconf 89' lang='lat' dir='ltr'>consistere</span> <span class='ocrx_word' id='word_1_254' title='bbox 776 3230 925 3286; x_wconf 88' lang='lat' dir='ltr'>videntur</span> <span class='ocrx_word' id='word_1_255' title='bbox 938 3230 971 3284; x_wconf 94' lang='lat' dir='ltr'>in</span> <span class='ocrx_word' id='word_1_256' title='bbox 990 3229 1124 3297; x_wconf 88' lang='lat' dir='ltr'>quodam</span> <span class='ocrx_word' id='word_1_257' title='bbox 1141 3241 1201 3280; x_wconf 92' lang='lat' dir='ltr'>me-</span> 
     </span>
     <span class='ocr_line' id='line_1_35' title="bbox 143 3315 1203 3389; baseline 0 -19"><span class='ocrx_word' id='word_1_258' title='bbox 143 3315 205 3384; x_wconf 90' lang='lat' dir='ltr'>dio;</span> <span class='ocrx_word' id='word_1_259' title='bbox 221 3319 444 3375; x_wconf 84' lang='lat' dir='ltr'>delectationes</span> <span class='ocrx_word' id='word_1_260' title='bbox 459 3321 564 3376; x_wconf 90' lang='lat' dir='ltr'>autem</span> <span class='ocrx_word' id='word_1_261' title='bbox 583 3319 764 3389; x_wconf 84' lang='lat' dir='ltr'>spirituales</span> <span class='ocrx_word' id='word_1_262' title='bbox 788 3318 904 3374; x_wconf 74' lang='lat' dir='ltr'>natura</span> <span class='ocrx_word' id='word_1_263' title='bbox 917 3317 975 3375; x_wconf 78' lang='lat' dir='ltr'>suat</span> <span class='ocrx_word' id='word_1_264' title='bbox 989 3330 1113 3387; x_wconf 90' lang='lat' dir='ltr'>semper</span> <span class='ocrx_word' id='word_1_265' title='bbox 1130 3329 1203 3385; x_wconf 91' lang='lat' dir='ltr'>pos-</span> 
     </span>
     <span class='ocr_line' id='line_1_36' title="bbox 143 3404 1204 3478; baseline 0.002 -21"><span class='ocrx_word' id='word_1_266' title='bbox 143 3408 209 3462; x_wconf 89' lang='lat' dir='ltr'>sunt</span> <span class='ocrx_word' id='word_1_267' title='bbox 222 3423 409 3478; x_wconf 89' lang='lat' dir='ltr'>permanere</span> <span class='ocrx_word' id='word_1_268' title='bbox 423 3409 474 3464; x_wconf 86' lang='lat' dir='ltr'>vel</span> <span class='ocrx_word' id='word_1_269' title='bbox 489 3410 584 3464; x_wconf 87' lang='lat' dir='ltr'>etiam</span> <span class='ocrx_word' id='word_1_270' title='bbox 599 3421 749 3474; x_wconf 90' lang='lat' dir='ltr'>crescere,</span> <span class='ocrx_word' id='word_1_271' title='bbox 772 3408 841 3462; x_wconf 86' lang='lat' dir='ltr'>edm</span> <span class='ocrx_word' id='word_1_272' title='bbox 862 3422 901 3462; x_wconf 85' lang='lat' dir='ltr'>ex</span> <span class='ocrx_word' id='word_1_273' title='bbox 924 3406 1051 3476; x_wconf 83' lang='lat' dir='ltr'>organis</span> <span class='ocrx_word' id='word_1_274' title='bbox 1071 3419 1134 3461; x_wconf 92' lang='lat' dir='ltr'>non</span> <span class='ocrx_word' id='word_1_275' title='bbox 1150 3404 1204 3460; x_wconf 89' lang='lat' dir='ltr'>de·</span> 
     </span>
     <span class='ocr_line' id='line_1_37' title="bbox 142 3495 302 3561; baseline 0.025 -13"><span class='ocrx_word' id='word_1_276' title='bbox 142 3495 302 3561; x_wconf 86' lang='lat' dir='ltr'>pendeant.</span> 
     </span>
    </p>

    <p class='ocr_par' dir='ltr' id='par_1_9' title="bbox 175 3585 1258 3652">
     <span class='ocr_line' id='line_1_38' title="bbox 175 3585 1258 3652; baseline -0.001 -13"><span class='ocrx_word' id='word_1_277' title='bbox 175 3587 470 3642; x_wconf 84' lang='lat' dir='ltr'>Animadvertamus</span> <span class='ocrx_word' id='word_1_278' title='bbox 497 3587 591 3642; x_wconf 91' lang='lat' dir='ltr'>etiam</span> <span class='ocrx_word' id='word_1_279' title='bbox 621 3585 859 3641; x_wconf 87' lang='lat' dir='ltr'>delectationem</span> <span class='ocrx_word' id='word_1_280' title='bbox 885 3598 947 3639; x_wconf 95' lang='lat' dir='ltr'>non</span> <span class='ocrx_word' id='word_1_281' title='bbox 974 3599 1144 3652; x_wconf 80' lang='lat' dir='ltr'>exsurgere</span> <span class='ocrx_word' id='word_1_282' title='bbox 1167 3599 1205 3639; x_wconf 86' lang='lat' dir='ltr'>ex</span> <span class='ocrx_word' id='word_1_283' title='bbox 1254 3637 1258 3644; x_wconf 82' lang='grc'>,</span> 
     </span>
    </p>
   </div>
   <div class='ocr_carea' id='block_1_5' title="bbox 172 3751 666 3881">
    <p class='ocr_par' dir='ltr' id='par_1_10' title="bbox 172 3751 666 3881">
     <span class='ocr_line' id='line_1_39' title="bbox 172 3751 558 3818; baseline 0.005 -18"><span class='ocrx_word' id='word_1_284' title='bbox 172 3751 193 3811; x_wconf 83' lang='lat' dir='ltr'>(l</span> <span class='ocrx_word' id='word_1_285' title='bbox 220 3754 257 3812; x_wconf 77' lang='lat'>1⁸,</span> <span class='ocrx_word' id='word_1_286' title='bbox 268 3755 316 3810; x_wconf 65' lang='lat'>2³,</span> <span class='ocrx_word' id='word_1_287' title='bbox 335 3769 362 3818; x_wconf 92' lang='lat' dir='ltr'>q.</span> <span class='ocrx_word' id='word_1_288' title='bbox 377 3753 417 3810; x_wconf 82' lang='lat'>24,</span> <span class='ocrx_word' id='word_1_289' title='bbox 435 3768 458 3802; x_wconf 80' lang='lat' dir='ltr'>a.</span> <span class='ocrx_word' id='word_1_290' title='bbox 474 3753 498 3802; x_wconf 88' lang='lat'>3.</span> <span class='ocrx_word' id='word_1_291' title='bbox 556 3783 558 3788; x_wconf 85' lang='lat'><em>·</em></span> 
     </span>
     <span class='ocr_line' id='line_1_40' title="bbox 172 3813 666 3881; baseline 0.002 -18"><span class='ocrx_word' id='word_1_292' title='bbox 172 3813 196 3877; x_wconf 75' lang='lat'>(2</span> <span class='ocrx_word' id='word_1_293' title='bbox 218 3817 256 3867; x_wconf 80' lang='lat' dir='ltr'>Gi.</span> <span class='ocrx_word' id='word_1_294' title='bbox 272 3818 297 3867; x_wconf 86' lang='lat' dir='ltr'>S.</span> <span class='ocrx_word' id='word_1_295' title='bbox 314 3817 375 3874; x_wconf 63' lang='lat' dir='ltr'>Th„</span> <span class='ocrx_word' id='word_1_296' title='bbox 388 3816 425 3878; x_wconf 67' lang='lat'>1³,</span> <span class='ocrx_word' id='word_1_297' title='bbox 439 3816 486 3876; x_wconf 63' lang='lat'>2³²,</span> <span class='ocrx_word' id='word_1_298' title='bbox 504 3831 530 3881; x_wconf 91' lang='lat' dir='ltr'>q.</span> <span class='ocrx_word' id='word_1_299' title='bbox 542 3816 582 3873; x_wconf 89' lang='grc'>31,</span> <span class='ocrx_word' id='word_1_300' title='bbox 598 3831 624 3866; x_wconf 85' lang='lat' dir='ltr'>a.</span> <span class='ocrx_word' id='word_1_301' title='bbox 641 3819 666 3864; x_wconf 87' lang='lat'>5.</span> 
     </span>
    </p>
   </div>
   <div class='ocr_carea' id='block_1_6' title="bbox 0 0 1463 4568">
    <p class='ocr_par' dir='ltr' id='par_1_11' title="bbox 0 0 1463 4568">
     <span class='ocr_line' id='line_1_41' title="bbox 0 0 1463 4568; baseline 0 0"><span class='ocrx_word' id='word_1_302' title='bbox 0 0 1463 4568; x_wconf 95' lang='lat' dir='ltr'> </span> 
     </span>
    </p>
   </div>
  </div>
 </body>
</html>
