2828 4550
332 416 430 457 oleon
450 415 499 456 nv.
516 430 550 442 —
564 408 611 456 s⁰⁵
626 401 689 464 930,
705 399 769 464 931,
785 399 848 468 932,
863 398 926 454 933.
1116 397 1167 455 105

107 527 239 598 exparte
255 525 394 591 familia,
408 526 474 582 sive
488 540 528 580 ex
549 527 637 594 parte
653 525 822 590 societatis,
837 525 904 580 sive
919 539 957 579 ex
976 525 1066 595 parte
1081 526 1166 580 tem-

107 629 218 686 porum.
243 616 298 672 llis
327 615 472 670 omnibus
501 614 630 670 libertas
654 615 801 684 impediri
829 615 940 683 polest,
967 614 1018 669 vel
1044 615 1164 679 (contra,

108 704 233 760 maxime
252 703 410 772 adjuvari.

529 1027 657 1085 CAPUT
676 1027 728 1084 LV

244 1191 284 1230 Du
303 1189 493 1231 COGNI'HONE
512 1191 763 1232 INTELLEGTUALI
785 1193 790 1228 Ξ
814 1190 898 1231 11)ssAE
918 1188 1014 1230 ORIGO

497 1281 534 1321 ET
553 1280 769 1321 OBJECTIVI'I'AS

134 1431 191 1488 932.
209 1433 261 1491 De
276 1436 480 1506 cognitione
495 1435 744 1492 intellectuali.
759 1466 793 1474 -
808 1436 976 1502 Postquam
992 1433 1029 1488 de
1044 1431 1165 1486 notura

106 1521 133 1576 et
140 1520 283 1592 potentiis
298 1524 410 1579 animae
424 1525 640 1589 disseruimus,
655 1525 809 1592 agendum
820 1525 868 1579 est
882 1524 920 1579 de
933 1519 1165 1594 operationibus

106 1623 165 1678 quae
179 1615 252 1668 sunt
266 1612 385 1668 homiui
400 1615 547 1684 propriae,
564 1613 682 1669 scilicet
701 1614 737 1668 de
752 1611 958 1669 intellectuali
973 1610 1161 1680 cognitione.

106 1699 193 1768 Igitur
211 1703 350 1757 occurrit
363 1703 493 1772 quaeslio
509 1704 546 1758 de
561 1703 650 1769 ideis,
670 1703 707 1758 de
726 1716 834 1758 earum
850 1701 972 1771 origine
991 1701 1022 1754 et
1037 1698 1164 1767 objecti·

106 1788 204 1844 vitate.
221 1791 307 1846 Unde
325 1791 366 1846 sit
383 1792 480 1848 thesis
497 1809 504 1847 τ

135 1897 248 1952 lunam.
266 1928 301 1938 -
315 1897 364 1951 Ad
377 1898 597 1972 explicandam
616 1897 821 1971 cognitionem
837 1895 1090 1960 intellectualem,
1107 1893 1163 1950 acl-

107 1979 251 2040 nn'llendae
264 1990 339 2040 sunl
353 1986 428 2042 ideoe
442 2004 497 2043 sen
515 1987 629 2060 species
644 1985 853 2060 intelligibiles
873 1988 1045 2057 (impressae
1059 1987 1091 2040 et
1105 1998 1162 2039 ex·

106 2079 229 2140 pressae).
245 2107 280 2116 -
299 2073 372 2130 Idea
391 2081 497 2132 aulem
512 2075 616 2132 oritur
628 2076 724 2132 simul
739 2095 758 2131 a
774 2091 868 2131 sensu
883 2078 912 2130 el
928 2074 965 2130 ab
980 2073 1162 2128 intellectu:

106 2174 202 2216 seimus
211 2163 326 2237 praebet
343 2165 536 2230 melerinm;
553 2165 728 2222 intellectus
749 2167 856 2220 aulem
881 2163 1088 2220 abstrahendo
1107 2161 1162 2218 dal

14 2298 18 2309 .
105 2249 241 2317 formam.
253 2283 288 2294 -
298 2252 389 2309 Hono
402 2254 581 2311 doctrinam
596 2254 791 2325 stabiliendo,
803 2252 979 2310 scholastici
994 2251 1163 2307 enclndnnl

106 2351 200 2394 omnes
213 2341 393 2398 contrarias
407 2343 594 2416 hypotheses,
610 2343 820 2400 sensislcrnm
835 2346 864 2398 et
878 2340 1111 2405 idealislcrum‚
1126 2340 1163 2394 de

105 2425 400 2500 originationem
422 2463 455 2474 -
478 2432 643 2490 stabiliunt
660 2431 784 2506 pariter
805 2430 1045 2502 objectioilalem
1068 2428 1161 2484 idea-

14 2555 15 2558 *
106 2531 179 2586 rnna,
194 2536 259 2591 «μω
276 2538 342 2576 non
362 2525 436 2578 sunl
448 2522 576 2595 praecise
590 2521 624 2577 la
638 2522 717 2594 qnod
730 2521 921 2594 intelligitur
935 2536 989 2575 sen
1008 2517 1160 2590 objectum

106 2606 472 2684 contaminanatus
491 2611 525 2666 id
544 2629 601 2684 qno
620 2611 769 2684 inlelligit
790 2611 977 2677 intellectus,
993 2625 1048 2664 sen
1062 2606 1161 2679 cogni-

106 2691 187 2750 lionis
200 2697 350 2754 medium.

136 2830 192 2886 933.
210 2833 305 2891 Ideae
326 2850 459 2892 munus
472 2837 511 2892 in
525 2843 611 2894 actu
625 2838 842 2909 cognitionis
858 2853 865 2892 :
881 2835 1063 2904 obiectum
1078 2847 1162 2888 cum

106 2918 253 2989 subiecto
276 2925 471 2995 conjungit.
490 2957 523 2968 -
543 2927 587 2982 Ad
609 2927 825 2997 explicandam
848 2927 1057 2996 cognitionem
1073 2924 1163 2980 intel-

11 3038 12 3042 =
106 3004 256 3066 lectualem
272 3012 474 3069 admittendae
493 3018 568 3072 suni
591 3017 693 3086 primo
718 3017 794 3071 ideae
809 3030 864 3071 seu
879 3016 998 3086 species
1013 3013 1162 3082 intelligi-

11 3095 12 3154 Ϊ
106 3091 185 3152 biles.
201 3102 278 3154 Nam
294 3103 432 3168 cognitio
446 3103 611 3174 perficitur
625 3106 779 3173 quatenus
796 3103 953 3177 cognitum
978 3106 1022 3158 est
1042 3101 1078 3155 in
1097 3117 1161 3174 σορ-

105 3189 242 3244 noscente.
268 3191 433 3259 Cognitum
460 3197 647 3249 autemnon
674 3195 775 3250 estin
800 3191 1004 3263 cognoscente
1024 3192 1085 3246 nisi
1105 3205 1162 3261 per

106 3275 196 3331 actum
215 3292 270 3334 seu
285 3281 430 3336 effectum
446 3295 549 3346 suum,
566 3281 669 3346 idest,
691 3298 746 3352 per
760 3283 895 3338 formam
911 3297 967 3338 seu
981 3280 1160 3336 similitudi-

106 3371 165 3416 nem
179 3379 277 3434 suam,
293 3382 361 3437 quaa
384 3371 433 3424 est
455 3371 550 3426 simul
571 3372 759 3428 modificatio
775 3372 908 3442 subjecti
933 3368 1158 3438 cognoscentis.

106 3445 179 3507 Unde
196 3454 352 3522 objectum
377 3461 408 3513 ct
430 3458 606 3527 subjectum
629 3461 866 3530 conjunguntur
889 3462 920 3514 in
947 3458 1054 3513 eodem
1074 3458 1159 3521 actu,

107 3542 260 3598 secundum
274 3545 351 3599 illud
367 3547 512 3603 axioma:
529 3546 724 3619 intelligibile
737 3548 773 3604 in
788 3551 860 3604 coln
876 3550 919 3603 est
935 3544 1109 3600 intellectus
1124 3545 1160 3600 in

109 3629 176 3681 acin.
194 3632 265 3694 Quae
285 3636 465 3705 conjunctio
480 3637 593 3693 similis
618 3641 665 3693 est
687 3639 900 3708 conjunctioni
923 3637 1038 3706 objecti
1066 3637 1161 3692 sensi-

109 3713 168 3773 bilis
185 3721 214 3775 ei
228 3721 360 3791 subjecti
374 3726 540 3782 sentientis
561 3726 600 3796 (n.
618 3727 692 3797 813).
717 3728 839 3793 Quaevis
861 3727 923 3782 alia
948 3727 1021 3781 unio
1046 3725 1161 3794 objecti

110 3805 136 3859 ei
147 3809 268 3878 subjecti
284 3827 325 3868 ea
338 3815 563 3879 confunderet;
580 3816 733 3885 siquidem
749 3818 927 3873 intellectus
939 3816 1005 3885 J'am
1025 3828 1088 3870 non
1108 3815 1159 3870 ob·

1395 4161 1400 4288 l
