2902 4548
269 448 323 504 372
759 459 857 500 ιιιιιιιιι

268 572 356 622 lactus
370 570 486 636 patiens.
502 596 532 606 -
549 569 604 619 888.
623 569 711 618 Datur
728 567 886 618 intellectus
901 579 995 630 agens.
1013 591 1045 604 -
1060 565 1115 614 869.
1129 565 1236 614 Lumen
1254 565 1344 615 iutel-

267 643 392 694 loctuale.
409 669 440 680 -
451 641 507 692 870.
525 641 675 706 Utriusque
689 639 847 690 intellectis
863 638 1017 688 relationes.
1029 665 1060 674 —
1073 636 1129 685 871.
1140 636 1271 686 Balmesii
1292 636 1344 686 du-

267 715 369 765 bitatio.
394 741 425 752 -
447 713 494 762 872
529 712 600 762 Aliae
633 711 774 761 facultates
800 707 1000 760 intellectuales
1025 723 1031 758 :
1060 707 1200 768 memoria,
1230 716 1283 758 ete.
1311 735 1343 744 -

267 786 322 836 873.
333 785 421 836 Ratio.
437 811 467 822 -
484 783 541 832 874.
556 783 636 834 Ratio
649 782 775 847 superior
785 788 813 832 et
823 780 950 841 intes-ion
965 781 1035 830 ratio
1049 779 1196 830 theoretica
1213 785 1242 828 et
1259 793 1343 844 prac-

267 858 329 908 tica.
347 883 372 896 -
386 856 441 906 875.
458 854 639 906 Conscientia.
651 881 679 890 —
689 853 745 905 876.
759 853 858 904 Utrum
873 851 1030 902 intellectus
1043 851 1079 901 sit
1092 865 1200 914 semper
1216 851 1262 900 sui
1277 866 1342 900 een·
1425 894 1429 898 .

267 928 357 978 sciusl
373 928 442 978 Vitae
457 926 542 976 animi
559 925 736 976 continuitas.
753 951 785 962 -
800 923 855 972 877.
874 922 1007 987 Objsctio.
1020 922 1115 973 -878,
1131 923 1231 972 Mentis
1246 922 1343 988 quali-

266 1005 345 1050 tates.
362 1025 393 1036 -
407 999 462 1048 870.
477 999 516 1046 De
530 997 634 1046 actibus
646 995 813 1046 intellectis.
827 1021 858 1030 -
872 993 926 1043 880.
947 994 1087 1045 Iudicium
1103 1000 1145 1043 est
1161 1000 1239 1043 actus
1253 993 1341 1044 intel-

265 1071 363 1121 lectis.
377 1095 408 1107 -
422 1068 478 1118 881.
492 1067 673 1132 objectiones.

703 1237 822 1293 CAPUT
840 1237 901 1292 LIII

267 1356 308 1410 Du
326 1369 512 1408 secunaum
531 1368 677 1406 senciamus
696 1368 733 1406 nn
751 1368 886 1406 arrrmru
904 1367 1040 1407 snufflmm
1058 1367 1110 1406 suu
1128 1367 1165 1406 nu
1184 1368 1247 1406 ras-

260 1433 263 1439 '
300 1450 426 1489 meumes
431 1469 1245 1488 ..............................................
1307 1433 1347 1488 80

296 1541 405 1590 Tarsus.
423 1538 600 1602 -Appetitus
615 1539 647 1588 in
662 1553 771 1601 penne,
789 1537 838 1601 qui
851 1538 1027 1588 naturaliter
1041 1537 1229 1601 capnitienem
1243 1554 1342 1588 conse-

263 1612 371 1677 quitur,
387 1620 427 1660 est
441 1611 568 1673 petentia
587 1610 704 1660 realiter
727 1610 860 1659 distincta
877 1619 938 1660 tum
959 1625 978 1658 a
991 1609 1125 1673 potentiis
1143 1611 1344 1672 connascitiois

265 1693 325 1733 tum
339 1698 358 1730 a
369 1681 500 1744 potentiis
515 1682 710 1742 inferioribus.
725 1709 757 1718 -
771 1683 849 1731 Duas
858 1681 999 1744 potentias
1014 1681 1243 1743 comprehendit:
1257 1697 1344 1745 appe-

266 1755 349 1804 titum
363 1753 564 1802 intellectivam
577 1767 626 1802 seu
638 1752 810 1802 voluntatem
821 1753 935 1814 proprie
948 1752 1052 1800 dictam
1068 1760 1094 1800 et
1107 1753 1262 1814 appetitum
1278 1769 1344 1802 sen-

263 1826 387 1884 sibilem,·
404 1823 454 1888 qui
466 1824 571 1872 iterum
585 1824 724 1874 dividitur
741 1823 773 1872 in
786 1823 1026 1885 concupiscibilem
1037 1832 1063 1872 et
1077 1823 1257 1882 irascibilem,
1271 1840 1343 1874 nec-

265 1913 321 1946 non
336 1896 368 1945 in
380 1895 509 1944 anderlert
521 1895 673 1957 passiones,
688 1909 751 1958 quoe
762 1895 863 1956 optimc
879 1910 897 1943 a
907 1895 1079 1944 scholasticis
1092 1901 1297 1944 numerantur.
1310 1924 1344 1933 -

266 1968 412 2017 Passiones
422 1973 525 2026 autem,
543 1966 605 2016 licet
618 1967 770 2016 uirtutibus
782 1975 808 2014 ct
819 1966 897 2015 vitiis
910 1967 969 2014 sint
983 1965 1062 2015 ealcie
1078 1967 1185 2028 affines,
1199 1982 1255 2016 non
1269 1979 1345 2018 sunt

264 2040 323 2088 ideo
333 2053 423 2100 perse
439 2037 515 2086 bcnoe
529 2045 580 2086 aut
593 2037 677 2086 malae
691 2037 849 2094 moraliter,
864 2039 910 2086 sed
920 2045 988 2086 sunt
1001 2038 1074 2085 eires
1089 2038 1237 2086 naturales
1246 2047 1274 2086 et
1288 2055 1343 2088 ne-

263 2111 399 2165 cessorioe,
416 2124 485 2171 quas
504 2109 579 2157 rotie
594 2109 648 2157 sibi
661 2108 799 2170 subjicere
812 2108 895 2156 debet.
909 2135 940 2144 -
950 2109 1018 2158 Hoec
1029 2108 1157 2158 doctrina
1168 2110 1200 2157 de
1212 2111 1345 2172 appetitu

264 2181 388 2230 manime
400 2184 509 2242 confert
525 2180 560 2228 aci
576 2189 647 2228 recte
659 2179 852 2240 judicandum
867 2180 898 2228 de
911 2180 1020 2228 naturai
1040 2179 1229 2230 delectationis
1248 2189 1276 2230 et
1291 2183 1346 2232 de·

265 2252 342 2308 ieris,
355 2266 463 2300 necnon
478 2251 509 2298 de
524 2250 758 2300 inclinationibus
773 2258 798 2298 et
815 2251 1002 2299 instinctibus.

296 2340 351 2390 882.
366 2339 512 2403 Appetitas
524 2338 675 2390 existentia.
687 2366 718 2375 —
735 2338 789 2387 883.
802 2338 949 2388 Distinctio
962 2339 1099 2402 appetitis
1113 2345 1139 2388 et
1155 2339 1342 2402 cognitionis.

264 2411 428 2460 Ideae-vires.
441 2437 469 2446 —
485 2409 541 2459 884.
560 2410 707 2474 Appetitas
722 2410 904 2472 distinguitur
922 2425 938 2459 a
958 2410 1087 2473 potentiis
1104 2410 1293 2462 inferioribus.
1309 2441 1346 2451 -

264 2483 318 2532 885.
333 2483 466 2532 Voluntas
482 2489 509 2530 et
520 2481 656 2544 appetitus
671 2481 817 2531 sensibilis.
831 2507 858 2518 -·
872 2481 926 2530 886.
944 2481 982 2530 De
1000 2481 1208 2546 concupiscibili
1221 2489 1248 2532 et
1266 2483 1346 2534 iras-

264 2553 351 2603 cibili.
364 2552 460 2602 -887,
474 2552 513 2601 De
528 2552 655 2602 undecIm
675 2551 858 2616 passionibus.
873 2580 903 2588 —
920 2552 977 2602 888.
998 2551 1159 2602 Passienum
1174 2553 1290 2617 species.
1309 2584 1346 2592 -

264 2624 323 2677 889.
344 2624 431 2674 Amor
449 2630 476 2672 et
501 2623 605 2674 odium.
626 2651 657 2660 —
675 2623 730 2672 899.
755 2623 895 2680 Quomodo
919 2639 950 2672 ex
970 2637 1062 2673 amore
1081 2638 1177 2674 omnes
1198 2625 1348 2689 passiones

263 2695 400 2744 oriuntur.
419 2721 450 2737 -
464 2694 520 2743 891.
536 2694 699 2744 Passienum
719 2695 864 2758 oppositio,
880 2695 1019 2744 distinctio
1034 2701 1062 2744 et
1081 2695 1157 2745 ordo.
1172 2723 1201 2734 —
1220 2695 1281 2749 892.
1300 2699 1347 2749 De

263 2765 442 2816 delectatione
458 2773 484 2814 st
498 2765 630 2829 passione.
646 2792 677 2803 -
686 2765 740 2815 893.
756 2765 917 2815 Passienum
932 2773 959 2814 et
971 2765 1122 2815 veluntatis
1135 2767 1294 2818 relationes.
1309 2799 1349 2808 -

263 2837 319 2886 894.
335 2837 374 2886 De
388 2835 559 2900 passionibus
579 2836 780 2900 spiritualibus.
795 2863 827 2873 —-
840 2836 896 2886 895.
914 2836 1012 2886 Utrtim
1028 2851 1075 2886 eor
1090 2837 1126 2886 sit
1139 2837 1216 2888 sedes
1236 2840 1347 2904 passie-

263 2921 341 2958 num.
352 2934 383 2944 -
394 2907 448 2958 896.
460 2908 575 2956 'I'heoria
589 2907 747 2971 passionum
762 2907 915 2956 secundnm
930 2907 1092 2968 castesium,
1104 2915 1154 2958 ete.
1166 2909 1260 2960 -897,
1275 2911 1348 2961 Pas-

263 2979 353 3028 siones
367 2977 396 3026 in
407 2978 502 3027 ordine
514 2979 623 3029 morali.
638 3005 667 3014 -
676 2977 731 3028 898.
747 2978 889 3028 Passiones
900 2985 966 3028 sunt
975 2979 1122 3028 naturales.
1136 3007 1163 3018 -
1175 2979 1231 3031 899.
1240 2981 1348 3033 Virtus

263 3057 290 3099 et
305 3049 403 3098 vitium
419 3048 539 3112 passioni
556 3049 693 3115 accidunt.
708 3077 739 3086 —
755 3049 809 3098 900.
826 3050 988 3099 Passienum
1008 3049 1114 3100 utilitas
1128 3060 1156 3100 st
1179 3053 1346 3105 necessitas.

263 3120 358 3170 -901,
377 3120 520 3170 Passiones
529 3121 630 3170 rationi
644 3120 742 3184 subjici
757 3129 882 3184 pessunt.
892 3149 923 3158 -
932 3121 991 3170 902.
1009 3120 1101 3172 Passio
1111 3131 1138 3170 et
1154 3123 1299 3174 meritum.
1310 3153 1346 3163 -

263 3191 318 3240 903.
333 3191 458 3241 Notanda
472 3192 505 3240 de
520 3191 697 3241 delectatione
710 3199 736 3241 et
751 3192 853 3254 dolore,
869 3198 919 3242 etc.
933 3219 961 3228 -
974 3191 1029 3242 904.
1044 3191 1084 3242 De
1098 3193 1345 3246 inclinationibus.

263 3262 362 3312 -905.
378 3262 418 3312 De
432 3263 621 3313 Instinctibus.

697 3425 817 3480 CAPUT
837 3425 898 3478 LIV

262 3543 303 3594 Du
322 3523 485 3594 veuuursrn
504 3557 539 3597 nr
556 3557 657 3596 manae
676 3557 808 3595 aramme
822 3579 1243 3598 ........................
1304 3544 1346 3600 93

292 3645 399 3693 Tuas1s.
419 3673 447 3683 -
466 3647 603 3696 Voluntas
619 3655 657 3694 est
673 3647 797 3708 facultas
811 3646 926 3706 omnine
940 3646 1073 3696 distincta
1087 3647 1120 3695 ab
1134 3648 1261 3710 appetitu
1274 3665 1343 3699 sen-

260 3715 353 3775 sibiii;
368 3744 398 3752 -
413 3731 475 3778 quse
492 3717 596 3766 violari
615 3733 669 3766 nen
681 3727 769 3780 petest
784 3745 814 3754 -
829 3727 854 3766 ct
869 3717 996 3766 libertate
1006 3717 1128 3779 petitur.
1139 3745 1171 3754 —
1189 3719 1343 3769 Verumta-

260 3801 325 3835 men
341 3786 453 3836 libertas
470 3787 597 3836 bumana
613 3789 771 3850 adjuvatur
786 3797 811 3838 ct
830 3788 974 3838 limitatur
994 3789 1082 3838 simul
1099 3789 1231 3838 omnibus
1244 3792 1343 3851 facui—

263 3857 365 3906 tetibus
379 3857 500 3920 aliisque
517 3859 616 3908 mediis
632 3861 732 3922 quibus
747 3860 791 3908 uti
805 3860 888 3908 debet.

1011 4004 1024 4042 l
