2790 4546
175 347 229 402 286
586 359 639 402 Jus
658 358 830 400 uanusque

176 471 272 528 vatur
289 484 352 554 pax
376 447 494 541 populi,
518 469 550 526 et
576 481 684 524 omnes
712 467 807 524 talem
831 466 1058 526 ordinationem
1079 470 1192 526 amant
1221 472 1254 528 et

176 541 392 598 custodiunt...
416 539 509 596 Aliud
532 541 581 596 est
608 538 689 608 quod
717 537 893 596 attenditur
914 540 1084 596 secundnm
1113 542 1253 612 speciem

176 613 339 682 regiminis
363 612 414 668 vel
446 611 655 668 ordinationis
677 610 938 682 principatuum
966 611 1058 679 cujus
1091 613 1165 667 cum
1186 613 1253 670 sint

176 686 309 742 diversae
325 683 476 754 species...
514 683 659 750 naecipuao
674 687 779 737 tamen
794 682 870 737 sunt
883 695 1026 750 regnum,
1041 683 1074 738 in
1088 697 1152 751 quo
1168 699 1251 740 unus

176 757 374 827 principatur
386 767 480 810 secun
505 753 739 818 umvirtutem;
756 753 788 808 et
801 752 1010 817 aristocratia,
1027 753 1131 821 idest,
1147 757 1253 826 potes-

176 831 225 882 tas
247 827 447 897 optimatum,
472 826 505 880 in
529 824 591 892 qua
611 824 708 891 aliqui
730 824 820 896 pauci
841 823 1061 894 principantur
1075 827 1249 882 secundnm

176 899 343 953 virtutem.
372 896 458 951 Unde
479 895 600 966 optima
627 895 784 951 ordinatio
809 895 987 965 principum
1012 897 1060 951 est
1082 897 1116 951 in
1144 897 1251 964 aliqud

174 970 303 1025 civitate
318 967 370 1024 vel
383 980 491 1036 regno,
504 967 535 1022 in
551 979 703 1035 quounus
718 963 893 1036 praefioitur
905 966 1076 1022 secundum
1091 968 1248 1024 virtutem

176 1042 230 1108 qui
245 1040 390 1096 omnibus
423 1038 549 1110 praesit3
574 1039 607 1093 et
639 1039 697 1094 sub
719 1039 788 1107 ipso
810 1041 885 1092 sunt
911 1037 1007 1105 aliqui
1033 1039 1250 1110 principantes

176 1111 347 1168 secundum
361 1109 528 1174 virtutem;
545 1109 577 1164 et
591 1109 696 1164 tamen
710 1108 782 1164 talis
795 1107 988 1178 principatus
1002 1109 1041 1164 ad
1057 1124 1166 1166 omnes
1181 1125 1249 1179 per-

176 1183 266 1243 tinet,
282 1183 350 1238 tum
367 1180 441 1247 quia
454 1194 494 1234 ex
508 1179 654 1236 omnibus
674 1179 748 1248 eligi
762 1183 905 1249 possunt,
921 1179 989 1234 tum
1005 1180 1078 1248 quia
1097 1182 1193 1237 etiam
1209 1181 1248 1236 ab

176 1253 320 1309 omnibus
341 1250 512 1320 eliguntur.
537 1251 620 1306 Talis
644 1253 719 1307 vero
739 1251 788 1306 est
806 1250 906 1305 omnis
930 1251 1040 1320 politia
1059 1251 1135 1307 bene
1160 1266 1250 1308 com-

177 1325 276 1380 mixta
296 1339 336 1379 ex
352 1336 459 1390 ragno,
484 1323 517 1376 in
538 1321 690 1390 quantum
704 1321 925 1446 unusdpraeest,
942 1336 981 1376 ex
995 1322 1197 1378 aristocratia
1215 1323 1249 1378 in

176 1398 327 1464 quantum
348 1393 438 1449 multi
459 1393 678 1462 principantur
692 1406 786 1447 secun
811 1393 862 1446 dm
874 1393 1037 1458 vrrtutem‚
1050 1395 1129 1448 etex
1144 1395 1251 1450 demo-

175 1465 285 1530 cratia,
301 1465 333 1521 id
352 1467 409 1530 est,
434 1465 590 1535 potestate
611 1463 730 1532 populi,
750 1463 782 1518 in
807 1465 960 1531 quantum
985 1479 1025 1520 ex
1041 1465 1248 1535 popularibus

174 1538 307 1606 possunt
323 1536 396 1604 eligi
411 1536 580 1605 principes,
596 1539 628 1590 et
646 1535 684 1590 ad
699 1534 850 1604 populum
871 1535 1009 1604 pertinet
1035 1536 1146 1590 electio
1161 1537 1249 1606 prin·

174 1609 290 1679 cipum.
305 1609 342 1662 Et
356 1607 414 1662 hoe
429 1605 491 1660 suit
509 1607 693 1664 institutum
709 1605 881 1662 secundum
905 1607 1005 1674 legem
1019 1605 1193 1662 divinam...
1208 1608 1247 1678 (l)

212 1732 290 1788 1323.
310 1732 363 1787 Do
382 1731 556 1801 suflraqio
574 1731 790 1787 universali.
811 1761 845 1771 -
865 1733 949 1787 lnter
967 1731 1123 1802 regimina
1146 1734 1249 1788 mixta

171 1822 321 1892 praevalet
340 1820 432 1875 hodie
449 1821 589 1889 regimen
610 1819 917 1890 repraesentativum‚
939 1820 972 1876 in
991 1822 1142 1890 suffragio
1169 1823 1249 1877 uni-

172 1911 287 1966 versali
309 1909 490 1964 fundatum.
516 1911 614 1964 Porro
630 1909 668 1964 de
694 1908 753 1965 hoc
776 1910 926 1978 suffragio
951 1910 1016 1966 haec
1038 1911 1114 1965 sunt
1137 1912 1249 1967 certis·

174 2014 255 2054 sima
267 2016 274 2053 :

206 2090 260 2144 Jus
279 2087 404 2156 aliquod
425 2100 486 2142 non
502 2086 607 2157 potest
626 2085 704 2141 oriri
723 2101 763 2141 ex
789 2087 939 2156 suffragio
961 2088 1077 2159 populi,
1099 2089 1161 2144 nisi
1187 2090 1248 2145 hoc

173 2175 358 2244 suffragium
375 2175 417 2230 sit
431 2189 554 2230 verum.
571 2174 657 2230 Unde
674 2173 800 2231 fraudes
822 2176 856 2230 in
878 2176 1082 2232 electionibus
1106 2178 1138 2233 et
1152 2176 1247 2232 inlin-

175 2265 327 2319 mationes
343 2262 470 2333 inJustae
484 2265 694 2334 corrumpunt
709 2264 806 2319 simul
821 2264 1006 2332 suffragium
1022 2271 1054 2321 et
1069 2264 1132 2333 jus.

206 2353 320 2409 Deinde
344 2353 469 2423 oportet
484 2353 520 2407 nt
534 2353 619 2407 cives
634 2353 673 2407 ad
689 2367 766 2422 quos
788 2353 925 2423 pertinet
940 2355 1060 2420 electio,
1078 2355 1155 2412 satis
1174 2370 1246 2425 cog-

174 2443 305 2498 noscant
318 2456 368 2498 res
385 2441 435 2496 vel
450 2455 600 2510 personas
615 2440 779 2509 dequibus
793 2441 908 2496 habent
920 2442 1072 2511 jndicare.

207 2532 312 2588 Tertio
333 2530 480 2586 voluntas
495 2529 603 2601 populi
623 2529 717 2585 etiam
743 2531 920 2586 certissima
940 2533 972 2587 et
995 2547 1144 2602 expressa
1166 2534 1248 2590 nihil

172 2621 274 2688 potest
288 2621 399 2675 contra
410 2618 484 2687 jnra
499 2619 678 2689 superiora.
696 2622 741 2674 Ex
757 2619 922 2675 voluntate
936 2621 1019 2676 enim
1034 2622 1143 2692 populi
1167 2623 1247 2679 oriri

172 2723 231 2764 non
248 2708 353 2778 potest
368 2708 429 2762 nisi
440 2707 495 2775 jus
507 2707 682 2777 positivum
693 2709 725 2762 et
739 2707 923 2774 humanum,
935 2710 1017 2778 quod
1027 2711 1160 2780 proinde
1172 2711 1246 2780 jnre

172 2795 311 2852 naturali
326 2797 358 2852 et
367 2796 441 2871 jure
457 2796 564 2852 divino
580 2795 748 2852 limitatur.

210 2921 287 2976 1324.
297 2921 350 2977 De
364 2921 574 2977 resistentia
585 2926 753 2992 tyranno.
766 2952 800 2962 -
811 2922 983 2991 Aliquando
994 2924 1137 2992 tyrannis
1152 2927 1247 2982 resis-

171 3013 238 3067 tere
253 3010 336 3075 licet,
347 3011 383 3065 ut
393 3011 480 3081 patet
494 3011 627 3067 historia
640 3011 889 3068 Machabeeorum
903 3012 934 3068 et
949 3012 1083 3068 aliorum
1099 3015 1245 3071 virorum

171 3101 224 3169 qui
235 3101 330 3156 simul
341 3099 492 3168 religione
504 3115 538 3156 ac
548 3100 735 3156 fortitudine
750 3101 943 3158 enituerunt.
951 3102 1008 3158 Sed
1020 3117 1163 3172 quaenam
1173 3121 1247 3161 con-

171 3191 306 3245 ditiones
321 3189 526 3257 requirantur
539 3191 574 3245 ut
584 3189 648 3244 haec
663 3190 844 3246 resistentia
857 3191 899 3247 sit
911 3191 1007 3259 licita,
1022 3192 1245 3250 difficillimum

171 3279 220 3333 est
239 3277 460 3333 determinare.
478 3279 548 3332 Haec
564 3277 675 3333 saltem
689 3280 845 3350 principia
859 3281 1042 3336 teneamus:

204 3365 235 3418 Si
256 3367 409 3434 tyrannus
434 3379 488 3421 seu
513 3367 618 3436 potins
640 3369 810 3437 usurpator
837 3368 1002 3437 potestatis
1031 3369 1191 3439 sapienter
1212 3373 1246 3428 et

47 3463 51 3473 ·
163 3452 253 3509 iuste
268 3453 433 3522 gubernat,
446 3455 628 3510 tolerandus
643 3458 690 3510 est
708 3459 837 3527 propter
855 3457 971 3512 bonum
992 3471 1167 3523 commune,
1189 3460 1246 3516 sed

199 3645 394 3706 (1)1a‚2o‚q.
414 3647 509 3704 105,a.
529 3647 549 3696 1.
574 3675 597 3683 -
617 3647 655 3697 Os.
672 3647 753 3696 atiani
771 3649 851 3702 ibid..
879 3665 895 3712 q
922 3649 962 3704 95.
980 3664 1003 3698 a.
1026 3649 1054 3706 4;
1078 3649 1113 3706 1⁸,
1135 3665 1162 3716 q.
1187 3652 1246 3708 103,

170 3723 193 3756 a.
210 3706 233 3762 3,
253 3707 301 3756 nbi
322 3708 347 3757 S.
366 3710 415 3757 Th.
431 3709 541 3758 videtur
561 3709 715 3758 existimare
736 3709 871 3773 optimum
893 3712 1015 3774 regimen
1036 3711 1161 3762 absoluto
1185 3729 1248 3764 essa

169 3783 296 3832 rognum,
311 3769 358 3820 sod
370 3770 462 3833 agitur
476 3771 508 3820 do
519 3773 715 3833 gubernatione
731 3773 839 3823 mundi.
