2790 4546
196 409 252 472 290
608 422 660 464 sos
679 421 850 465 urrunnun

196 536 332 594 societas
343 533 448 593 civilis
460 534 610 606 privatur
625 533 727 590 medio
743 534 865 604 optimo
880 535 912 590 et
927 533 1104 590 necessario
1122 531 1272 596 adfinem

198 639 293 682 suum
317 623 581 692 consequendum,
607 622 662 692 qui
676 623 725 678 est
749 636 811 693 pax
832 621 933 678 totius
956 621 1075 692 populi,
1091 635 1183 676 amor
1198 635 1274 675 mu-

199 715 276 770 tuus
289 711 408 770 civium
423 712 490 768 sive
505 711 628 768 sincera
643 711 836 775 fraternitas,
853 709 1001 766 honestas
1017 724 1154 774 morum,
1173 714 1234 764 etc.

235 801 349 858 Deinde
364 800 539 858 atheismus
552 800 740 856 adversatur
754 799 899 856 essentia
913 798 1082 856 societatis.
1100 800 1172 864 Haeo
1184 799 1272 854 enim

199 891 334 948 adunari
347 893 380 946 et
393 890 530 946 existere
545 903 607 944 non
623 889 726 958 potest
740 889 808 944 sine
823 887 1023 944 auctoritate.
1038 887 1098 942 Sed
1110 887 1183 942 sine
1198 886 1272 943 reli·

197 979 290 1050 gione
304 979 476 1036 auotoritas
491 978 578 1034 omni
591 977 796 1034 fundamento
812 976 1007 1034 destituitur.

236 1114 316 1170 1329.
336 1115 389 1170 De
402 1113 574 1169 libertate
587 1111 830 1176 conscientia,
843 1111 944 1184 preli,
960 1113 1023 1166 etc.
1038 1140 1072 1150 -
1086 1113 1153 1166 Non
1166 1111 1271 1168 solum

197 1205 368 1259 necessest
383 1206 419 1258 ut
433 1203 538 1258 Status
553 1201 596 1257 sit
608 1201 783 1270 religiosus,
797 1201 851 1256 sed
865 1201 960 1257 etiam
974 1197 1066 1255 debet
1077 1215 1136 1272 per
1148 1215 1181 1255 sa
1193 1201 1273 1256 reli-

196 1291 322 1360 gionem
337 1305 445 1346 veram
469 1287 623 1362 profiteri,
639 1289 760 1345 seclusa
778 1288 990 1345 indifferentia
1003 1288 1161 1360 religiosi.
1176 1289 1273 1346 Tole-

198 1393 271 1436 rare
295 1382 400 1435 tamen
430 1380 536 1450 potest
567 1379 735 1447 religiones
759 1377 853 1434 falsas
875 1378 914 1433 ad
938 1377 1124 1434 servandam
1150 1393 1271 1448 pacem.

197 1471 304 1537 ltaque
317 1468 503 1524 observandi
523 1469 598 1523 sunt
620 1471 800 1522 contractus
824 1467 964 1536 legitime
983 1467 1055 1523 initi
1070 1467 1108 1523 de
1123 1467 1273 1524 libertate

197 1557 352 1614 cultuum.
367 1557 452 1615 Unde
466 1557 562 1612 etiam
587 1556 731 1612 videmus
746 1556 822 1625 quid
837 1556 879 1612 sit
902 1555 1100 1612 sentiendum
1120 1557 1158 1612 de
1174 1556 1273 1612 liber-

196 1648 262 1702 tate
286 1646 493 1702 conscientiae.
520 1645 551 1700 Si
576 1659 633 1715 per
652 1644 830 1700 libertatem
855 1643 1054 1700 conscientiae
1077 1644 1274 1714 intelligitur

197 1735 328 1790 libertas
343 1734 500 1804 cogitandi
508 1737 540 1790 et
550 1735 663 1803 agendi
673 1749 741 1802 quae
756 1733 854 1802 magis
870 1733 979 1789 lubent
992 1732 1025 1788 in
1036 1733 1075 1789 iis
1085 1747 1155 1802 quae
1171 1737 1272 1790 Deum

196 1825 228 1880 et
243 1823 429 1892 religionem
444 1822 628 1895 respiciunt,
648 1835 721 1878 sane
747 1822 812 1878 haeo
827 1821 955 1878 libertas
969 1824 1019 1878 est
1042 1822 1141 1892 impia
1160 1838 1168 1877 ε
1185 1822 1274 1879 tole-

197 1911 263 1970 rari
276 1915 382 1966 tamen
402 1912 507 1982 potest
521 1924 579 1982 pro
593 1911 851 1966 circumstantiis.
876 1910 934 1966 Sed
950 1911 988 2003 ‘si
1009 1925 1066 1982 per
1088 1911 1272 1968 libertatem

195 2000 394 2058 conscientiae
406 2000 597 2070 intelligitur
617 1999 746 2055 libertas
760 1999 932 2071 profitendi
952 2013 1060 2055 veram
1081 1999 1273 2070 religionem

196 2083 372 2174 verumque
383 2091 478 2144 Deum
494 2087 626 2152 colendi,
641 2088 718 2144 tunc
732 2102 751 2143 a
765 2088 854 2143 Statu
869 2089 917 2143 est
931 2087 1122 2157 protegenda
1135 2089 1170 2145 et
1183 2091 1273 2146 cete·

196 2177 241 2234 ris
262 2177 351 2262 bonis
361 2177 589 2248 anteponenda.
607 2179 647 2232 lle
661 2175 724 2246 qua
739 2177 858 2246 legitur
878 2177 911 2231 in
927 2175 1088 2246 Eucyoliod
1101 2174 1271 2234 Libertas:

232 2275 289 2340 Sed
320 2284 424 2352 potest
453 2284 549 2338 etiam
569 2283 601 2338 in
623 2284 703 2338 hane
727 2283 916 2338 seutentiam
941 2283 1040 2353 accipi
1055 2283 1271 2352 (conscientiae

194 2355 346 2424 libertas),
362 2357 398 2410 ut
432 2354 551 2409 homini
572 2369 612 2410 ex
641 2353 833 2410 conscientia
860 2353 965 2418 officii,
986 2353 1039 2410 Dei
1068 2355 1269 2412 voluntatem

193 2427 282 2496 sequi
297 2427 427 2494 etjussa
442 2425 555 2490 iacere,
579 2424 666 2480 nulla
687 2440 721 2480 re
746 2424 947 2494 impediente,
960 2425 994 2479 in
1017 2425 1148 2481 civitate
1162 2427 1270 2483 liceat.

195 2499 265 2552 Haec
280 2497 404 2566 quidem
421 2511 506 2560 vera,
523 2496 589 2550 haec
604 2495 697 2564 digna
716 2495 790 2551 tiliis
806 2495 859 2551 Dei
875 2495 1013 2560 libertas,
1034 2511 1103 2564 quae
1120 2497 1270 2553 humanae

194 2568 378 2694 dignitatem
399 2580 539 2636 personne
561 2566 780 2648 honestissime
809 2569 929 2629 tuetur,
952 2568 1001 2622 est
1024 2568 1109 2622 omni
1134 2569 1167 2623 vi
1182 2569 1271 2651 inju-

191 2653 220 2694 r1
244 2653 302 2704 que
318 2653 419 2708 major
434 2655 441 2693 :
458 2639 628 2704 eademque
643 2638 786 2692 Ecclesrae
802 2652 925 2706 semper
938 2637 1047 2706 optata
1058 2651 1094 2692 ac
1109 2653 1271 2710 pl‘aeolpue

192 2723 275 2764 cara.
302 2709 402 2777 Hujus
430 2710 554 2778 generis
576 2709 753 2764 libertatem
777 2708 838 2763 sibi
859 2711 1040 2765 constanter
1064 2711 1271 2767 vindicavere

192 2780 345 2850 Apostoli,
370 2793 504 2835 sanxere
528 2780 654 2850 scriptis
679 2781 867 2850 Apologetae,
890 2781 1043 2848 Martyres
1068 2781 1190 2850 ingenti
1211 2795 1271 2838 nu·-

193 2865 280 2906 mero
295 2851 446 2920 sanguine
459 2866 516 2906 suo
532 2865 754 2906 consecravere
767 2851 818 2922 (l).

228 2956 401 3021 Secundum
417 2941 525 3022 eadem
541 2966 696 3037 principia
717 2965 887 3022 solvuntur
906 2967 1094 3053 quaestiones
1116 2967 1153 3023 de
1169 2967 1271 3025 liber-

191 3057 257 3112 tate
276 3055 416 3122 docendi,
433 3055 470 3110 de
489 3055 635 3111 libertate
650 3055 742 3126 preli,
758 3057 817 3111 etc.

228 3189 306 3246 1330.
327 3189 548 3245 Eooleslaeet
562 3189 692 3245 Status
706 3189 824 3245 cilicia
838 3195 977 3246 mutua.
995 3221 1028 3230 —
1044 3189 1270 3248 concludimus

158 3281 159 3284 ’
190 3293 230 3335 ex
251 3278 344 3334 dietis
373 3278 496 3334 Statum
529 3278 652 3341 debere,
677 3279 828 3345 quantum
853 3278 1001 3347 possibile
1022 3280 1082 3340 est,
1111 3279 1271 3348 adjuvare

191 3367 359 3424 Ecclesiam
376 3367 412 3421 ut
435 3364 529 3420 tinem
552 3381 646 3422 suum
666 3367 941 3438 supernaturalem
956 3367 1128 3438 perfectius
1143 3373 1177 3423 et
1188 3367 1271 3424 taci-

188 3453 250 3512 liius
270 3455 419 3517 obtineat,
436 3454 603 3518 Ecclesiam
623 3459 699 3511 veno
722 3455 755 3510 in
773 3443 880 3511 multis
905 3456 1088 3512 necessariis
1110 3455 1271 3527 adjuvare

189 3543 311 3598 Statum
327 3543 363 3598 ut
374 3542 469 3598 finem
485 3557 578 3598 suum
591 3547 810 3612 consequatur.
821 3545 977 3610 Attamen,
993 3544 1067 3600 licet
1081 3546 1221 3602 Ecclesia
1234 3550 1270 3618 et

189 3631 295 3701 Status
329 3633 449 3688 mutuis
469 3631 593 3688 ,officiis
616 3633 851 3702 conjungantur
868 3633 1069 3691 strictissime
1095 3637 1130 3690 et
1156 3635 1270 3704 aliquo

220 3821 463 3886 (ll20jun...1888.
581 3860 586 3880 ,Ἴ
620 3845 624 3881 3
665 3850 666 3854 ,
735 3789 738 3792 ’
