2790 4546
141 398 240 441 CAPUT
254 399 416 440 nunu.-
429 383 1070 450 nos1316,1317,1318,1319,1320,1321,l322.
1112 387 1168 442 285

140 511 217 566 1319.
238 509 431 565 Poenarum
445 511 684 566 characteres.
694 539 728 548 -
743 512 787 564 Ex
798 509 887 565 dictis
900 509 1050 565 videntur
1063 526 1166 582 poena-

107 614 176 656 rum
191 600 386 656 characteres
406 599 554 669 praecipui
577 601 608 654 et
622 599 813 655 essentiales.
837 602 946 654 Poenas
962 601 1087 669 oportet
1101 616 1167 656 esse
1258 661 1263 671 ¹

107 686 313 761 reparatrices
335 688 464 752 ordinis,
481 686 683 743 medicinales
702 702 760 759 pro
776 688 1006 756 deliquentibus
1021 689 1053 744 et
1068 704 1168 743 caem-

104 776 206 850 plares
221 792 279 847 pro
294 777 416 832 ceteris.

140 908 216 964 1320.
240 909 411 980 objectio.
428 939 462 950 -
477 911 509 964 ln
525 911 628 964 locum
644 925 742 979 poenae
757 911 854 980 capitn
861 910 900 965 lis
914 910 1057 966 sufficere
1072 926 1169 980 opor·

11 1013 12 1016 ’
106 999 184 1054 teret
196 1013 352 1055 carcerem
372 998 488 1054 durum
513 999 545 1054 et
572 1001 772 1068 perpetuum.
789 999 864 1052 Nam
884 999 949 1054 haec
964 1014 1056 1069 poena
1069 1003 1170 1056 terret

106 1102 267 1158 perversos
282 1089 424 1144 homines
440 1101 525 1156 aeque
540 1102 576 1143 ac
590 1102 681 1157 poena
695 1088 846 1156 capitalis.

137 1173 226 1248 Rcsp.
244 1207 278 1216 -
298 1179 381 1246 Nego
401 1163 582 1243 utrumque.
608 1178 764 1232 Praeterea
785 1189 892 1231 carcer
913 1176 1023 1242 durus,
1040 1177 1110 1232 oiim
1127 1179 1169 1232 sit

105 1279 193 1321 causa
211 1265 334 1324 mortis,
360 1279 460 1336 poenae
482 1265 608 1333 capitali
629 1264 816 1333 aequivalet3
841 1265 906 1318 imo
928 1266 975 1320 est
998 1266 1166 1330 crudelior,

106 1353 174 1410 licat
189 1355 288 1410 malos
304 1355 407 1409 minus
417 1355 545 1410 terreat,

137 1479 213 1534 1321.
236 1479 289 1534 De
308 1479 496 1549 regiminis
516 1479 631 1534 forma
652 1496 659 1533 ε
677 1480 722 1534 de
736 1479 955 1544 monarchia,
971 1481 1015 1536 de
1034 1481 1167 1537 aristo-

9 1605 10 1646 3
106 1568 226 1632 cratia,
243 1569 287 1624 de
306 1568 536 1624 democratia.
551 1600 585 1609 -
608 1572 719 1624 Forma
734 1570 897 1638 regiminis
913 1571 961 1625 est
979 1570 1089 1624 modus
1107 1585 1167 1639 quo

9 1653 10 1656 ’
105 1657 235 1726 potestas
249 1657 374 1728 publica
396 1661 562 1712 exercetur
578 1659 610 1713 et
629 1659 759 1714 societas
774 1658 876 1714 civilis
891 1661 1024 1728 regitur.
1041 1659 1168 1728 Triplex

104 1746 277 1815 praesertim
293 1746 501 1814 distinguitur
517 1762 524 1800 :
542 1745 736 1808 monarchia,
757 1747 848 1814 cujus
867 1747 982 1802 abusus
998 1750 1046 1803 est
1059 1751 1167 1818 tyran·

8 1897 9 1902 η
104 1831 172 1897 ais;
189 1833 404 1899 aristocratia,
421 1835 513 1902 cujus
534 1835 650 1890 abusus
669 1839 716 1890 est
748 1832 919 1906 oliparchia
928 1852 940 1898 ;
961 1834 1164 1901 democratia,

7 1973 8 1984 ,
104 1923 188 1991 cujus
203 1923 320 1978 abusus
336 1925 384 1978 est
404 1921 595 1995 domapopia.
612 1925 646 1978 ln
666 1923 855 1987 monarchia,
872 1925 1046 1993 subjectum
1063 1931 1165 1995 potes-

7 2015 8 2058 ἲ
103 2011 172 2068 tatis
188 2014 237 2068 est
262 2026 323 2067 una
348 2027 500 2082 persona;
525 2012 558 2066 in
580 2012 787 2080 aristocratia,
811 2014 886 2068 sunt
906 2014 1023 2082 plures,
1047 2015 1165 2070 seilicet

104 2101 217 2168 optimi,
244 2101 298 2170 qui
322 2102 507 2170 potestatem
525 2100 658 2162 habent;
685 2102 717 2155 in
745 2101 946 2164 democratia,
961 2102 1096 2172 populus
1116 2111 1164 2157 est

6 2233 7 2270 3
103 2189 274 2258 subjectum
288 2189 454 2260 potestatis
470 2189 520 2243 vel
535 2189 702 2260 potihsjus
721 2189 815 2244 habet
830 2190 1010 2257 frequenter
1029 2190 1163 2260 eligendi

102 2279 255 2350 principes
268 2282 300 2334 et
314 2280 358 2333 sic
372 2279 475 2346 aliquo
490 2278 580 2332 modo
596 2279 788 2348 gubernandi
808 2280 956 2348 seipsum.

134 2369 331 2436 Unaquaeque
346 2368 457 2421 harum
474 2367 645 2422 formarum
662 2369 847 2436 potestesse
864 2369 963 2422 mixta
977 2369 1100 2423 ceteris.
1118 2371 1163 2424 lta

103 2456 280 2512 monarchia
302 2457 489 2524 potestesse
512 2455 702 2510 hereditaria
723 2457 772 2510 vel
788 2457 930 2522 electiva,
951 2456 1094 2512 absoluta
1115 2459 1164 2512 vel

103 2545 273 2616 temperata
296 2546 327 2599 et
347 2544 442 2598 etiam
466 2545 725 2613 repraesentativa
747 2559 802 2600 seu
828 2545 1104 2614 constitutionalis,
1120 2547 1166 2600 ita

6 2715 7 2718 Ἴ
103 2633 135 2688 ut
146 2648 202 2688 rex
216 2635 329 2701 regnet
344 2633 396 2688 sed
412 2647 473 2686 non
488 2632 651 2700 gubernet.

138 2755 210 2813 1322
241 2757 427 2828 Optimum
444 2757 620 2828 regimen.
639 2789 673 2798 -
696 2760 784 2812 Nune
809 2759 984 2826 quaeritur:
1004 2759 1164 2822 Quodnam

104 2845 142 2900 sit
163 2847 319 2915 optimum
344 2843 504 2916 regimen?
526 2877 559 2886 -
584 2849 661 2902 Sane
691 2846 838 2915 quaelibet
868 2846 971 2902 forma
1003 2848 1165 2916 regiminis

103 2935 284 3004 potestesse
302 2935 391 3004 justa
413 2938 445 2990 et
468 2937 663 3006 opportuua;
679 2936 732 2991 sed
753 2935 809 2992 illa
824 2935 951 2991 videtur
964 2936 1083 3004 optima
1097 2951 1164 3003 quae

6 3083 7 3104 Ξ
102 3038 161 3093 prae
194 3025 309 3080 ceteris
346 3021 514 3094 respondet
560 3024 711 3090 moribus,
744 3025 853 3086 indoli,
888 3025 1164 3080 consuetudinibus

6 3111 8 3170 l
103 3113 249 3182 cujusque
270 3113 388 3182 populi.
405 3113 538 3168 Aliunde
553 3113 686 3167 felicitas
704 3113 827 3182 publica
851 3127 912 3168 non
935 3115 999 3166 tam
1019 3113 1165 3184 pendete

6 3223 8 3280 f
102 3202 261 3269 regiminis
282 3200 383 3256 forma
402 3201 494 3269 quam
515 3216 533 3254 a
552 3201 727 3270 principum
753 3201 915 3257 honestate
935 3204 966 3255 et
984 3201 1162 3272 prudentia.

6 3303 8 3310 ’
133 3292 217 3346 Nunc
233 3290 260 3346 si
278 3290 433 3358 quaeritur
452 3290 608 3358 quodnam
624 3289 666 3344 sit
681 3289 834 3359 optimum
855 3290 994 3359 regimen
1009 3289 1162 3355 absolute,

101 3375 260 3433 dicendum
283 3392 349 3432 essa
372 3379 500 3433 videtur
521 3378 675 3446 optimum
697 3378 835 3446 regimen
860 3393 926 3432 esse
955 3378 1061 3432 «bene
1082 3392 1164 3432 com-

6 3483 7 3508 i
101 3465 229 3522 mixtum
244 3481 285 3521 ex
307 3481 414 3536 regn0,
431 3481 470 3522 ex
491 3466 692 3522 aristocratia
709 3468 793 3522 etex
814 3465 1044 3530 democratia»,
1063 3469 1098 3520 ut
1112 3481 1164 3520 ex·

100 3552 190 3622 plicat
205 3557 233 3610 S.
250 3556 327 3609 Th:

134 3660 220 3716 Circa
236 3660 349 3714 bonam
365 3660 594 3716 ordinationem
611 3661 786 3731 principum
807 3660 840 3715 in
855 3659 959 3727 aliqua
972 3660 1100 3714 civitate
1115 3660 1167 3715 vel

6 3739 8 3774 ³
102 3732 188 3798 gente
204 3731 267 3786 duo
293 3735 366 3786 sunt
380 3731 569 3786 attendenda
584 3746 592 3784 t
609 3745 742 3799 quorum
762 3745 859 3786 unum
875 3733 922 3786 est
938 3735 972 3786 ut
986 3745 1093 3786 omnes
1108 3731 1166 3785 ali-

6 3811 8 3840 }
102 3813 191 3868 quam
215 3805 339 3874 partem
364 3802 498 3858 habeant
522 3804 554 3856 in
580 3803 775 3872 principatu3
795 3817 852 3872 per
871 3801 1026 3858 hocenim
1041 3816 1166 3858 conser-
