2790 4546
425 326 525 398 carun
543 346 652 396 dxxix.
668 369 703 382 -
718 346 765 396 ΝΟ8
781 342 859 406 1276,
879 339 957 394 1277.
1171 339 1226 396 265

142 480 219 522 rem
249 480 317 522 esse
346 465 519 522 mercedem
546 467 703 536 oportere.
734 463 820 528 Quod
849 463 875 518 si
906 462 1092 518 necessitate
1119 460 1225 531 opifex

143 539 288 603 coactus,
305 537 361 592 aut
385 537 458 592 mali
481 537 597 607 pejoris
620 537 706 590 metu
734 537 907 604 permotus,
932 535 1091 588 duriorem
1121 533 1225 586 condi-

143 608 272 662 tionem
288 609 432 679 accipiat,
448 621 525 676 quae,
541 607 665 662 etiamsi
681 606 768 669 nolit,
788 605 966 674 accipienda
978 605 1028 668 sit,
1045 604 1125 672 quod
1142 603 1223 658 ado·

143 679 238 735 mino
253 681 304 734 vel
325 693 343 733 a
363 679 560 749 redemptore
576 692 706 748 operum
722 677 907 746 imponitur,
927 676 1010 731 istud
1026 675 1150 743 quidem
1176 677 1223 730 est

143 749 259 806 subire
272 751 348 814 vim,
364 751 416 806 cui
427 751 554 819 justitia
565 749 716 804 reclamat
732 769 745 800 a
762 749 811 820 (l).

188 900 268 956 1276.
284 902 336 958 De
349 901 430 972 iure
444 901 690 972 proprietatis.
708 932 741 942 -
756 901 934 968 Proprietas
955 898 1079 954 definiri
1094 899 1199 968 potest
1214 917 1220 951 :

143 990 326 1046 dominium
353 1005 407 1046 seu
437 991 570 1046 facultas
599 989 783 1061 disponendi
812 989 918 1056 libere,
943 1003 1014 1043 cum
1043 989 1221 1043 exclusione

141 1079 295 1143 aliorum,
320 1081 357 1135 de
382 1095 416 1135 re
449 1080 556 1148 aliqua
588 1081 716 1149 ejusque
746 1079 895 1134 utilitate.
924 1079 1020 1133 Porro
1053 1078 1221 1132 asserimus

142 1168 310 1224 hominem
323 1169 396 1238 jure
411 1169 546 1224 naturali
561 1183 651 1240 posse
666 1169 828 1238 acquirere
852 1168 883 1222 et
904 1165 1063 1238 possidere
1082 1165 1220 1221 dominio

140 1256 288 1326 perfecto
303 1257 429 1314 stabiles
443 1258 673 1328 proprietatem
695 1257 758 1311 imo
779 1257 921 1312 homines
936 1255 1036 1311 teneri
1052 1255 1153 1311 officio
1169 1268 1221 1308 na-

140 1347 229 1400 turae
249 1346 287 1400 ad
303 1346 489 1401 divisionem
505 1347 746 1418 proprietatum.
763 1347 959 1415 Quapropter
973 1343 1219 1400 communiamus

141 1435 217 1489 sive
231 1435 428 1490 socialismus
447 1437 573 1491 omnino
590 1435 780 1505 rejiciendus
796 1435 854 1490 est.

186 1586 268 1640 1277.
303 1585 561 1642 Communlsmi
597 1587 807 1642 confutatio.
831 1617 864 1625 -
893 1584 1014 1640 Etenim
1047 1584 1218 1639 secundum

141 1674 249 1742 legem
264 1675 452 1740 naturalem,
469 1676 562 1730 homo
574 1675 627 1744 Jus
644 1675 736 1731 habet
759 1676 791 1730 in
812 1675 949 1730 laborem
966 1688 1058 1729 suum
1078 1675 1110 1729 et
1124 1687 1219 1743 opera

140 1775 214 1825 sua,
235 1776 270 1818 ac
288 1763 418 1833 proinde
434 1779 481 1819 cx.
500 1779 546 1832 gr.
564 1765 596 1820 in
612 1765 737 1819 domum
754 1779 846 1832 quam
858 1763 1035 1826 aedificavit,
1052 1763 1084 1816 in
1106 1776 1218 1829 agrum

141 1864 240 1918 quem
254 1852 352 1907 coluit
367 1856 399 1908 et
415 1853 447 1907 in
466 1853 528 1908 alia
550 1853 630 1909 bona
651 1867 718 1922 quae
738 1853 843 1908 labore
865 1867 921 1908 suo
941 1851 992 1906 vel
1006 1851 1095 1920 Justo
1117 1851 1218 1920 pretio

139 1939 323 2008 acquisivit.
344 1943 400 1996 Hic
424 1957 524 1998 nexus
546 1943 630 1997 inter
655 1956 780 1997 causam
805 1944 836 1996 et
859 1942 1003 1996 effectum
1018 1941 1067 1995 est
1090 1941 1218 1995 moralis

141 2042 184 2082 ac
203 2029 335 2098 proinde
356 2029 421 2098 jus,
438 2033 569 2101 propter
591 2045 758 2100 personam
779 2032 910 2098 quaeest
929 2043 1022 2084 causa
1037 2029 1149 2084 libera.
1173 2032 1218 2084 lix

140 2116 208 2172 alid
222 2120 322 2187 parte,
338 2119 510 2174 secundum
522 2119 622 2189 legem
638 2121 825 2184 naturalem,
847 2119 1004 2189 homojus
1016 2117 1110 2172 habet
1123 2119 1217 2184 atque

141 2205 242 2260 simul
270 2207 406 2263 officium
439 2209 539 2264 vitam
568 2210 729 2278 propriam
754 2207 978 2270 conservandi„
996 2207 1123 2262 tamiliae
1152 2221 1216 2262 suae

140 2295 341 2365 providendi,
358 2298 497 2368 seipsum
513 2299 544 2354 et
558 2312 673 2368 pueros
687 2313 759 2353 suos
775 2295 966 2366 perficiendi.
987 2298 1083 2351 Porro
1094 2295 1170 2364 jura
1184 2302 1216 2352 et

141 2383 247 2440 officia
261 2384 443 2455 hujusmodi
462 2387 636 2455 important
648 2386 702 2454 jus
721 2385 903 2455 acquirendi
918 2387 950 2440 et
969 2384 1144 2454 possidendi
1164 2385 1216 2440 do·

142 2486 243 2536 mum,
259 2487 351 2542 agros
371 2476 421 2530 vel
441 2475 502 2530 alia
522 2476 611 2530 bona.
628 2476 714 2530 Unde
726 2476 793 2545 jam
817 2475 943 2530 videtur
957 2473 1133 2528 necessaria
1157 2473 1214 2528 ali·

140 2575 205 2628 qua
220 2562 332 2618 divisio
346 2563 586 2634 proprietatum,
603 2566 636 2619 in
651 2565 736 2620 statu
757 2563 905 2636 praesenti
927 2562 1050 2632 generis
1072 2562 1212 2618 humani.

139 2652 240 2713 Quam
260 2653 477 2708 necessitatem
493 2654 632 2710 ostendit
645 2655 673 2708 S.
691 2653 746 2707 Th.
767 2651 886 2724 triplici
901 2652 1023 2706 ratione
1039 2668 1046 2706 :

179 2766 312 2821 Licitum
328 2769 378 2823 est
396 2768 477 2836 quod
493 2769 586 2824 homo
601 2770 730 2839 propria
748 2768 916 2839 possideat.
932 2768 985 2822 Est
1000 2766 1095 2821 etiam
1110 2781 1213 2823 ncces-

141 2837 263 2892 sarium
277 2839 316 2892 ad
332 2838 501 2894 humanam
518 2841 615 2895 vitam
631 2843 759 2908 propter
773 2840 854 2894 tria:
872 2837 1124 2908 primoquidem,
1140 2839 1213 2906 quia

143 2907 243 2976 magis
273 2909 426 2965 sollicitus
452 2911 501 2966 est
524 2913 740 2978 unusquisque
762 2910 800 2964 ad
830 2909 1062 2978 procurandum
1095 2909 1212 2976 aliquid

139 2979 223 3045 quod
238 2979 297 3034 sibi
313 2980 372 3035 soli
390 2982 540 3050 competit
554 2980 646 3048 quam
661 2982 693 3036 id
713 2981 794 3049 quod
810 2982 858 3036 est
881 2993 1046 3034 commune
1071 2980 1211 3034 omnium

140 3048 192 3102 vel
215 3050 404 3114 multorum;
425 3053 498 3121 quia
522 3053 734 3120 unusquisque
757 3053 893 3107 laborem
917 3051 1040 3120 fugiens
1063 3051 1212 3118 relinquit

141 3119 233 3174 alteri
248 3121 280 3176 id
294 3122 376 3190 quod
395 3123 534 3192 pertinet
548 3123 586 3178 ad
606 3137 778 3188 commune,
796 3123 877 3178 sicut
896 3121 1008 3176 accidit
1022 3121 1054 3174 in
1071 3122 1212 3175 multitu-

140 3189 212 3246 dine
233 3193 453 3248 ministrorum
474 3210 481 3247 :
505 3193 566 3248 alio
588 3194 688 3258 modo,
708 3195 781 3262 quia
801 3193 976 3248 ordinatius
996 3206 1045 3246 res
1067 3191 1211 3246 humanae

139 3263 330 3331 tractantur,
348 3264 375 3318 si
389 3264 522 3333 singulis
537 3265 682 3320 imminet
696 3265 824 3334 propria
838 3278 914 3318 cura
927 3263 1062 3330 alicuius
1080 3263 1126 3316 rei
1142 3277 1212 3332 pro-

138 3333 305 3399 curandae;
330 3336 412 3390 esset
431 3338 538 3390 autem
561 3335 711 3400 consuete,
733 3337 759 3392 si
779 3335 912 3404 quilibet
930 3333 1110 3388 indistincte
1131 3348 1212 3398 quae-

139 3402 216 3458 libet
237 3407 442 3474 procuraret:
460 3407 566 3471 tertio,
583 3407 656 3481 quia
675 3422 733 3477 per
751 3408 809 3462 hoc
832 3405 930 3473 magis
947 3403 1094 3474 pacificus
1109 3405 1210 3460 status

137 3473 303 3530 hominum
323 3479 539 3540 conservatur,
556 3478 630 3533 dum
657 3479 869 3547 unusquisque
885 3475 942 3531 sua
961 3476 1126 3531 contentus
1150 3477 1208 3531 cst.

167 3673 210 3802 (ξι
220 3674 287 3725 linc.
303 3677 410 3728 Rerum
428 3694 566 3728 novorum
583 3679 626 3730 dia
645 3680 675 3730 15
689 3680 753 3730 maii
771 3679 840 3730 1891.
854 3705 886 3715 -
902 3678 945 3730 cl.
963 3679 1068 3730 Elauer
1083 3680 1208 3740 sociales,

134 3767 165 3804 n.
214 3788 221 3804 .
