2910 4568
204 389 241 446 56
638 403 854 448 ssrcnonoem

205 516 293 581 Reid,
320 517 444 580 cousin,
467 518 559 583 Kantl
583 517 615 573 et
637 517 811 584 generatim
836 516 977 573 fautores
997 515 1229 586 subjectivismi
1252 518 1284 574 et

205 606 476 677 phaenomenismi,
492 605 630 662 dicentes
650 605 773 661 anobis
793 619 855 660 non
877 606 989 662 sentiri
1010 606 1071 662 nisi
1087 607 1282 664 sensationes

206 695 342 751 nostrae.
359 695 425 750 Non
449 694 551 750 solum
571 695 702 765 propter
723 694 948 760 inductionem,
970 696 1027 750 aut
1050 695 1177 764 aliquod
1192 695 1281 751 alind

204 783 420 849 ratiocinium,
443 783 595 838 mundum
611 783 788 838 sensibilem
805 785 837 839 et
859 785 1026 839 externum
1050 784 1279 852 cognoscimus,

204 871 259 927 sed
279 887 350 927 eum
373 872 492 928 directe
518 872 782 943 apprehendimus
810 886 1001 943 persensus
1027 873 1193 937 externos;
1224 873 1280 942 qui

205 959 323 1016 formas
343 975 399 1016 seu
419 961 642 1016 similitudines
664 975 774 1016 rerum
789 961 947 1030 accipiunt
961 962 992 1017 et
1006 961 1052 1017 ita
1067 961 1184 1018 directe
1199 947 1278 1033 ipsis

206 1047 299 1104 rebus
312 1051 343 1104 et
358 1049 488 1118 obJ'ectis
504 1049 681 1118 cognitione
696 1049 923 1105 assimilantur.

241 1192 305 1248 823.
331 1193 410 1249 Non
431 1193 541 1250 datur
564 1192 724 1249 senentio
747 1206 848 1248 mere
871 1192 1053 1250 allectiva.
1078 1223 1112 1233 -
1138 1193 1205 1248 Non
1231 1194 1282 1249 est

207 1282 309 1350 igitur
332 1283 437 1352 aliqua
465 1281 602 1338 sensatio
625 1295 709 1336 mere
731 1282 878 1337 affectiva
898 1285 954 1337 aut
977 1296 1062 1338 mere
1086 1281 1280 1350 subjectiva;

209 1370 273 1436 sed,
289 1371 322 1425 in
345 1372 430 1427 omni
456 1371 642 1437 sensatione,
659 1371 786 1439 aliquod
808 1371 965 1440 ohJ'ectum
984 1373 1231 1441 repraesentetur
1250 1372 1285 1427 et

209 1459 468 1530 apprehenditur.
486 1462 563 1515 Sane
579 1461 612 1514 in
627 1459 759 1524 visione,
770 1459 803 1514 in
816 1460 987 1526 auditione,
1003 1459 1036 1515 in
1053 1460 1151 1523 tactu,
1167 1473 1283 1530 reprae-

210 1549 345 1604 sentatio
360 1549 473 1618 objecti
493 1537 541 1604 est
555 1548 725 1620 perfectior
739 1549 770 1604 et
788 1548 942 1613 vividi0r;
964 1549 1017 1604 sed
1041 1547 1127 1603 nulla
1141 1549 1280 1604 sensatio

210 1637 398 1693 destituitur
422 1639 701 1708 representatione
730 1638 762 1693 et
786 1637 1015 1706 objectivitate.
1039 1637 1141 1694 Etiam
1169 1650 1283 1693 sensus

210 1726 329 1781 interni
342 1725 468 1794 aliquod
492 1725 648 1794 obJectum
673 1723 922 1796 apprehendunt,
948 1725 1067 1781 scilieet
1088 1726 1284 1782 sensationes

211 1815 242 1868 et
257 1814 505 1870 modificationes
520 1814 652 1882 subjecti
667 1830 673 1868 :
691 1814 866 1882 subjectum
880 1814 963 1869 enim
979 1814 1117 1884 seipsum
1131 1815 1283 1883 tanquam

210 1902 368 1971 objectum
382 1905 609 1974 repraesentare
624 1905 656 1958 et
669 1902 903 1973 apprehendere
916 1903 1030 1972 potest.

247 2036 314 2090 824.
338 2036 478 2092 Erroris
501 2035 840 2106 subiectivistarum
859 2048 979 2092 causa.
998 2064 1032 2076 -
1055 2035 1179 2106 Decepti
1207 2036 1286 2091 sunt

212 2125 437 2192 subjectivistae
456 2140 544 2180 exeo
568 2125 650 2193 quod
664 2125 897 2194 perceptionem
912 2137 1060 2180 sensuum
1076 2125 1284 2180 externorum

212 2215 403 2270 naturaliter
425 2215 660 2283 consequuntur
679 2213 896 2285 perceptiones
916 2227 1065 2269 sensuum
1084 2209 1285 2268 internorum

213 2306 246 2359 et
269 2303 467 2359 conscientiae
494 2303 709 2360 intellectlvae.
737 2305 790 2357 Ex.
817 2316 863 2371 gr.
890 2300 983 2357 homo
1002 2301 1089 2357 videt
1112 2304 1144 2358 et
1175 2302 1287 2357 statim

214 2393 311 2448 sentit
326 2407 358 2448 se
372 2393 490 2460 videre,
505 2393 623 2463 cogitat
636 2395 668 2448 et
683 2392 828 2447 meminit
842 2405 875 2446 se
890 2391 1017 2456 vidisse,
1034 2393 1092 2448 etc.
1109 2391 1186 2446 Hinc
1200 2390 1289 2461 peri·

214 2481 321 2537 culum
337 2480 530 2537 confusionis
550 2481 761 2551 perceptionis
785 2481 924 2536 externae
940 2495 1011 2535 eum
1031 2480 1288 2550 perceptionibus

214 2570 359 2626 internis.
384 2572 513 2640 Insuper
532 2569 704 2639 saepissime
733 2569 887 2638 contingit
913 2573 949 2624 ut
972 2569 1131 2640 perceptio
1156 2570 1292 2624 externa

215 2660 258 2716 sit
271 2660 418 2730 ambigua
431 2661 526 2715 donec
542 2658 737 2728 experientia
756 2659 787 2714 et
811 2659 893 2714 ratio
918 2673 987 2714 eam
1007 2659 1258 2729 interpretentur
1278 2674 1287 2712 ε

216 2748 290 2803 hinc
304 2748 421 2804 iterum
442 2747 618 2817 periculum
640 2747 852 2803 confundendi
875 2747 1107 2818 perceptionem
1122 2751 1288 2803 externam

215 2851 288 2892 cum
304 2837 552 2907 apprehensione
567 2836 766 2891 conscientie
780 2837 831 2892 vel
842 2836 962 2906 judicio
974 2836 1120 2892 rationis.

251 2970 314 3026 825.
332 2969 556 3025 sansadonia
570 2969 804 3040 oblectivitas
818 2973 875 3026 est
893 2968 1054 3026 indubia.
1071 3000 1105 3010 -
1120 2969 1160 3025 At
1174 2984 1290 3027 revera

214 3059 402 3115 sensaticnis
429 3059 626 3126 objectivitas
654 3060 703 3114 est
722 3059 913 3128 principium
939 3073 993 3114 seu
1017 3059 1134 3114 factum
1157 3058 1289 3116 evidens

215 3148 321 3218 potius
337 3148 430 3216 quam
446 3148 578 3203 rationis
594 3147 762 3203 conclusio.
782 3150 859 3203 Nam
879 3147 959 3203 ratio
975 3162 1036 3203 non
1051 3148 1179 3204 videtur
1192 3147 1290 3203 suffi-

216 3251 286 3292 cere
301 3237 368 3292 sine
381 3236 577 3307 experientia
591 3235 723 3306 externa
736 3238 768 3291 et
783 3234 940 3304 obiectiva
953 3236 991 3290 ad
1010 3235 1290 3293 demonstrandam

218 3325 325 3380 mundi
341 3325 498 3380 sensibilis
517 3325 728 3380 existentiam.
750 3325 906 3392 Geterhm,
923 3326 959 3380 ut
981 3324 1056 3380 alibi
1076 3324 1141 3392 jtam
1166 3325 1290 3381 dictum

216 3417 265 3470 est
280 3415 321 3483 (n.
338 3413 400 3479 668,
417 3414 470 3469 227
489 3416 521 3469 et
536 3413 622 3482 seq),
639 3413 706 3482 ipsa
719 3413 888 3470 existentia
907 3413 1194 3482 repraesentationis
1214 3427 1293 3468 sen-

217 3503 318 3558 sibilis
334 3517 396 3559 non
414 3504 520 3574 potest
532 3503 683 3574 explicari
698 3503 759 3558 nisi
773 3502 962 3557 admittatur
974 3500 1141 3557 existentia
1155 3501 1247 3570 alicuj
1253 3517 1297 3560 us

220 3590 334 3657 objecti
350 3591 472 3648 extensi
489 3591 682 3661 proindeque
699 3590 808 3646 mundi
823 3589 989 3646 sensibilis.

253 3720 534 3778 826.Rea11cates
553 3734 636 3790 quae
652 3719 823 3775 sensibus
845 3717 1181 3788 apprehendum.
1198 3718 1299 3776 Sen-

216 3825 324 3868 suum
343 3809 519 3866 educatio.
539 3839 570 3850 -
587 3811 674 3880 Nunp
695 3808 871 3876 quaeritur:
892 3821 1027 3876 quonam
1047 3807 1157 3863 ordine
1179 3820 1296 3868 sensus
