2828 4550
210 307 261 364 136
285 315 289 322 '
348 355 350 360 .
371 329 374 334 ¹
589 329 592 338 ·
654 318 831 362 rurouronu

210 467 213 482 .
244 433 322 488 1008.
344 430 479 487 Existit
496 430 655 501 primum
680 443 832 486 movens
858 427 1077 484 absolutum.
1104 457 1137 468 -
1169 427 1279 484 Primo

206 521 353 592 arguitur
365 534 405 576 ex
419 519 603 576 necessitate
617 518 713 590 primi
727 518 858 574 motoris
873 517 1020 582 absoluti,
1037 517 1095 574 hoo
1108 517 1220 574 modo:

210 625 216 653 ‘'
242 630 368 684 Certum
391 630 439 683 est
458 627 543 682 enim
566 627 596 682 et
620 625 850 682 sensuconstat
868 623 973 694 aliqua
1002 625 1122 680 moveri
1154 625 1188 680 in
1216 625 1278 682 hoc

208 700 333 755 mundo.
351 702 446 754 Omne
465 697 570 753 autem
586 697 668 768 quod
686 697 840 756 movetur.
863 695 901 750 ab
924 697 984 750 clio
1010 699 1170 760 movetur3
1195 695 1278 752 nihil

208 773 292 828 enim
308 772 462 830 movetur,
486 769 547 824 nisi
569 768 740 824 secundum
756 767 837 836 quod
856 767 904 822 θεῖ
917 768 951 822 in
972 767 1113 837 potentis
1127 768 1166 823 ad
1193 768 1275 824 illud

207 844 246 898 ad
262 841 343 910 quod
360 843 513 896 movetur.
530 842 635 896 Movet
655 843 760 894 autem
785 838 903 908 aliquid
925 839 1095 894 secundum
1120 839 1203 908 quod
1225 841 1277 896 θεῖ

208 915 301 974 actu;
319 926 444 966 movere
459 913 542 966 enim
567 911 646 966 nihil
661 911 745 966 aliud
760 911 808 965 θεῖ
826 909 918 978 quam
940 910 1072 965 educere
1095 910 1214 978 aliquid
1237 911 1277 966 de

207 983 349 1056 potentia
362 984 395 1038 in
410 985 526 1038 actum.
551 985 591 1037 De
606 982 748 1052 potentia
761 983 866 1036 autem
882 995 944 1036 non
965 982 1071 1052 potest
1096 981 1214 1049 aliquid
1227 997 1279 1038 re—

209 1057 281 1110 duci
296 1056 328 1108 in
344 1056 447 1109 actum
464 1054 525 1108 nisi
546 1069 602 1124 per
623 1054 748 1123 aliquod
764 1067 817 1107 ens
837 1053 870 1106 in
884 1057 974 1115 actus
995 1053 1076 1107 sicut
1090 1053 1226 1107 calidum
1244 1054 1279 1108 in

209 1130 293 1189 actu,
308 1127 344 1180 ut
354 1125 445 1192 ignis,
463 1125 538 1180 iacit
548 1125 679 1194 iignum,
691 1125 771 1194 quod
783 1125 829 1180 est
846 1123 982 1178 calidum
994 1124 1026 1178 in
1042 1124 1192 1194 potentia,
1207 1139 1279 1181 esse

209 1205 281 1260 actu
297 1197 443 1260 calidum,
464 1199 496 1251 et
511 1211 567 1266 per
579 1197 637 1250 hoc
655 1197 760 1250 movet
774 1197 805 1250 et
827 1195 942 1250 alterat
959 1195 1074 1264 ipsum.
1088 1197 1155 1250 Nou
1169 1200 1280 1252 autem

208 1274 257 1324 θεῖ
270 1268 418 1339 possibile
433 1270 469 1322 ut
482 1268 563 1322 idem
579 1268 621 1322 sit
640 1265 735 1322 simul
757 1267 790 1320 in
809 1268 880 1321 actu
900 1269 932 1320 et
946 1266 1088 1336 potentia
1106 1267 1282 1322 secundum

209 1341 304 1403 idem,
321 1339 374 1394 sed
394 1340 494 1394 solum
520 1338 690 1394 secundum
714 1338 848 1392 diversa.
868 1337 955 1401 Quod
970 1337 1053 1392 enim
1072 1339 1120 1392 est
1141 1337 1281 1392 calidum

208 1411 242 1466 in
257 1413 340 1475 actu,
357 1424 418 1464 uon
433 1411 618 1479 potestesse
642 1408 736 1464 simui
759 1407 895 1462 calidum
920 1409 953 1462 in
981 1409 1132 1478 potentia,
1155 1410 1208 1464 sed
1231 1413 1283 1466 est

209 1483 305 1538 simul
321 1481 471 1550 frigidum
487 1481 519 1534 in
534 1479 683 1550 potentiis.
702 1479 895 1550 Impossibile
910 1483 958 1534 est
972 1483 1046 1548 ergo
1066 1480 1158 1547 quod,
1170 1495 1282 1536 secun·

211 1554 285 1607 dum
300 1553 382 1608 idem
403 1552 554 1607 eteodem
572 1551 672 1615 modo,
690 1550 808 1618 aliquid
833 1551 874 1605 sit
890 1565 1018 1606 movens
1033 1553 1064 1616 et
1084 1556 1216 1613 motum.
1229 1553 1284 1608 vel
1335 1593 1340 1601 .

210 1625 292 1692 quod
309 1625 432 1678 moveat
450 1623 597 1692 seipsum.
614 1626 709 1678 Omne
724 1637 798 1690 ergo
819 1621 900 1690 quod
916 1626 1071 1686 movetur,
1088 1623 1213 1692 oportet
1242 1623 1283 1678 ab

210 1695 272 1750 alio
289 1696 418 1750 moveri.
436 1695 466 1749 Si
490 1708 563 1762 crgo
585 1693 617 1748 id
637 1707 655 1746 θ
674 1708 735 1762 quo
756 1695 901 1748 movetur
918 1696 1091 1755 moveatur,
1108 1695 1235 1762 oportet
1250 1697 1284 1750 et

208 1765 315 1836 ipsum
331 1765 368 1820 ab
381 1767 442 1820 alio
457 1765 576 1819 moveri
592 1767 622 1818 et
635 1764 714 1819 illud
728 1764 765 1817 ab
781 1764 851 1818 alio.
870 1762 924 1818 llic
943 1766 1047 1818 autem
1063 1778 1125 1818 non
1145 1771 1193 1821 est
1205 1779 1284 1836 pro·

210 1837 319 1892 cedere
333 1838 366 1891 in
380 1835 551 1900 inlinitum,
576 1836 651 1904 quia
674 1836 718 1890 sic
740 1849 801 1890 non
820 1837 903 1890 esset
917 1835 1042 1902 aliquod
1062 1835 1202 1906 primum
1219 1845 1284 1893 moss

210 1923 298 1975 oenc,
328 1911 360 1963 et
380 1923 437 1977 per
464 1921 656 1973 consequens
684 1920 740 1961 nec
767 1905 892 1974 aliquod
917 1906 1002 1960 aliud
1029 1921 1175 1971 movens;
1206 1909 1284 1974 quia

212 1980 370 2034 moventia
385 1978 519 2033 secunda
535 1992 596 2032 non
611 1983 739 2032 movent
754 1978 813 2031 nisi
833 1991 889 2048 per
910 1978 967 2032 hoc
989 1979 1071 2044 quod
1095 1982 1170 2034 sunt
1194 1981 1285 2034 mota

208 2065 232 2120 a
242 2051 344 2120 primo
361 2052 515 2112 movente,
533 2049 615 2103 sicut
628 2049 755 2104 baculus
776 2063 837 2102 nou
854 2050 960 2104 movet
977 2049 1038 2103 nisi
1054 2063 1109 2118 per
1127 2051 1185 2104 boc
1197 2051 1283 2116 quod

211 2125 259 2181 est
275 2123 377 2176 motus
392 2135 411 2175 a
426 2135 530 2174 manu.
548 2122 627 2188 Ergo
648 2134 771 2174 necesse
787 2123 834 2174 est
850 2119 997 2174 devenire
1011 2120 1049 2174 ad
1072 2121 1198 2188 aliquod
1218 2123 1285 2191 pri-

211 2205 297 2315 ffium
314 2191 548 2332 mqvensquod
562 2205 580 2244 a
592 2189 677 2246 nullo
689 2194 847 2254 moretum
860 2189 959 2245 etboc
974 2205 1081 2246 omnes
1096 2191 1286 2261 intelligunt

243 2265 380 2328 ΝΜΟ.

192 2447 234 2483 .
248 2407 324 2461 1009.
347 2377 480 2462 Existit
503 2420 614 2460 causa
637 2405 808 2467 efficiens,
834 2405 999 2460 absolute
1022 2407 1152 2474 prima.
1174 2437 1209 2446 —
1230 2409 1285 2462 Se-

210 2496 310 2551 cundo
325 2496 471 2564 arguitur
485 2509 524 2549 ex
543 2495 791 2549 consideratione
807 2507 974 2549 causarum
990 2495 1195 2550 efficientium
1212 2511 1285 2564 quae

213 2596 312 2654 agunt
327 2585 360 2638 in
377 2584 434 2639 hoc
451 2583 565 2638 mundo
583 2600 589 2636 :

250 2692 389 2747 Secunda
416 2692 468 2745 via
491 2692 538 2745 est
566 2691 746 2746 erratione
771 2705 872 2746 causae
897 2691 1069 2746 efficientis.
1099 2692 1285 2748 Invenimus

212 2764 295 2818 enim
320 2763 443 2817 inistis
470 2761 667 2817 sensibilibus
691 2777 757 2817 θεεθ
786 2763 927 2817 ordinem
954 2777 1120 2817 causarum
1145 2763 1287 2818 efficien-

181 2896 183 2903 s
211 2835 310 2896 tium;
327 2847 383 2888 nec
398 2835 502 2887 tamen
517 2834 681 2888 invenitur
696 2848 751 2888 nec
766 2836 814 2887 est
832 2833 980 2902 possibile
998 2834 1080 2902 quod
1100 2833 1220 2902 aliquid
1241 2836 1286 2890 sit

212 2919 307 2960 causa
321 2903 457 2959 efficiens
470 2905 518 2958 sui
529 2905 642 2974 ipsius,
654 2905 728 2972 quia
742 2906 823 2959 esset
837 2904 925 2973 prius
941 2906 1053 2972 seipso,
1066 2905 1147 2972 quod
1163 2907 1212 2960 θεῖ
1225 2906 1285 2960 im·

211 2976 368 3048 possibile.
386 2975 450 3030 Non
466 2977 571 3030 autem
587 2977 634 3030 est
648 2975 796 3045 possibile
811 2976 893 3043 quod
908 2977 941 3030 in
958 2977 1058 3030 causis
1073 2975 1285 3032 efficientibus

211 3047 401 3118 procedatur
419 3047 451 3100 in
467 3045 636 3118 inlinitum,
654 3048 727 3115 quia
739 3047 772 3102 in
788 3047 932 3102 omnibus
956 3051 1058 3101 causis
1074 3047 1285 3104 efficientibus

213 3119 367 3176 ordinatis
388 3118 528 3188 primum
557 3119 604 3172 est
634 3132 727 3173 causa
757 3117 859 3181 medii,
889 3119 921 3172 et
949 3118 1086 3172 medium
1115 3121 1163 3173 est
1190 3134 1287 3175 causa

212 3191 333 3254 ultimi;
359 3189 426 3244 sive
450 3189 551 3243 media
573 3190 636 3243 sint
660 3190 760 3258 plura,
787 3189 853 3243 sive
873 3203 971 3243 unum
995 3190 1133 3243 tantum.
1153 3191 1288 3245 Remota

213 3264 317 3316 autern
334 3261 437 3324 causa,
458 3263 641 3315 removetur
653 3262 791 3314 effectus.
808 3262 898 3327 Ergo,
913 3261 939 3314 si
954 3274 1016 3314 non
1032 3259 1129 3314 fuerit
1142 3260 1284 3330 primum

212 3332 362 3386 incensis
378 3331 593 3395 efficientibus,
614 3345 676 3386 non
691 3332 753 3386 erit
772 3330 930 3395 ultimum,
947 3345 1003 3386 neo
1019 3331 1167 3385 medium.
1184 3333 1243 3386 Sed
1259 3333 1287 3388 si

183 3415 192 3440 ·
212 3403 400 3473 procedatur
415 3404 447 3456 in
463 3402 620 3456 inlinitum
635 3403 666 3456 in
682 3403 784 3458 causis
799 3401 1013 3466 efficientibus
1029 3416 1090 3456 non
1105 3402 1167 3458 erit
1181 3404 1288 3472 prima

214 3479 307 3528 causa
322 3473 456 3528 efficiens
467 3490 473 3537 ;
486 3475 516 3528 et
532 3474 576 3528 sic
591 3488 653 3528 non
668 3473 730 3528 erit
745 3488 799 3528 nec
813 3474 941 3528 effectus
953 3473 1094 3542 ultimus,
1111 3487 1168 3540 nec
1182 3487 1287 3528 causae

214 3544 382 3600 efficientes
405 3545 529 3612 mediae3
545 3543 737 3614 quod'patet
756 3557 822 3599 θεεθ
845 3545 973 3600 laisum.
998 3547 1076 3612 Ergo
1097 3544 1145 3600 θεῖ
1160 3558 1288 3601 necesse

245 3736 505 3802 ssssffiqza&
