2828 4550
358 419 586 462 0111111111.-
605 415 656 460 uo*
673 403 751 466 1021,
771 402 848 464 1022,
868 402 963 457 1023.Ι
1147 403 1195 458 141

129 572 132 576 .
158 530 239 586 1021.
256 529 454 587 Conclusio.
474 529 686 586 Atheismus
704 533 808 585 estne
825 527 1038 599 possibilis?
1052 556 1085 567 -
1106 527 1198 592 Quid·

118 619 198 689 quid
219 620 264 676 sit
287 620 324 675 de
354 621 540 687 argumento
571 619 757 688 ontologico,
784 616 984 672 nullomodo
1008 617 1056 671 est
1086 630 1197 672 neces-

119 708 244 764 sarium
275 707 314 763 ad
348 708 622 764 demonstrandam
652 707 706 762 Dei
735 706 947 771 existentiam,
976 718 1044 774 quae
1069 705 1196 760 aliunde

121 797 237 853 multis
263 797 363 852 modis
384 797 417 852 et
437 796 629 852 inconcussis
649 795 844 864 argumentis
859 794 971 850 elucet.
1000 793 1086 850 Unde
1111 807 1196 850 nuno

120 886 284 954 quaeritur
300 903 308 939 =
323 887 436 942 Utrbm
452 885 626 941 atheismus
648 885 789 940 sincerus
809 884 851 938 sit
869 878 1050 953 possibilis?
1065 913 1099 922 -
1118 883 1196 946 Qui-

119 976 196 1031 dam
221 976 419 1046 putaverunt
442 975 494 1030 Dei
518 973 717 1029 existentiam
744 975 847 1027 mente
875 971 984 1040 negari
1006 985 1067 1026 non
1094 984 1196 1042 posse,

119 1064 389 1131 quemadmodum
405 1064 509 1134 prima
523 1063 688 1133 principia.
703 1061 759 1117 Sed
775 1062 840 1116 baec
860 1061 1044 1132 opinionon
1060 1061 1107 1115 est
1120 1061 1197 1115 satis

120 1167 223 1218 vera;
240 1168 323 1218 nam,
341 1155 377 1207 ut
397 1153 601 1214 ostendimus,
617 1152 721 1222 prima
744 1151 898 1222 principia
922 1151 996 1204 sunt
1017 1149 1197 1204 immediate

118 1243 296 1306 evidentia,
313 1243 387 1298 dum
404 1241 571 1298 existentia
596 1242 648 1296 Dei
673 1242 721 1296 est
743 1241 860 1296 veritas
882 1240 1023 1295 deducta.
1049 1239 1196 1296 Attamen

119 1331 289 1387 difficilius
303 1333 352 1386 est
366 1331 510 1387 dubitare
536 1332 573 1386 de
588 1329 658 1401 ipsa
672 1318 841 1386 existentia
865 1329 918 1384 Dei
943 1329 1036 1398 quam
1062 1329 1100 1384 de
1128 1329 1196 1398 ejus

117 1419 382 1490 perfectionibus,
399 1420 435 1475 ut
454 1422 539 1489 patet
554 1420 699 1490 exemplo
714 1433 917 1488 paganorum,
932 1418 985 1486 qui
1010 1432 1092 1488 saepe
1113 1432 1200 1472 erra-

120 1512 247 1566 verunt
262 1510 428 1579 dedivinis
444 1509 616 1573 attributis
639 1523 797 1578 nunquam
813 1510 918 1566 autem
933 1508 970 1562 de
989 1507 1058 1577 ipsa
1077 1507 1197 1562 divini-

118 1599 205 1655 tatis
229 1597 408 1654 existentia.
430 1599 517 1661 Sane,
537 1599 563 1652 si
591 1599 716 1654 nomine
741 1598 793 1652 Dei
815 1597 865 1652 vel
885 1596 1061 1652 divinitatis
1084 1595 1197 1651 intelli·

119 1689 216 1758 gitur
234 1687 359 1742 tantum
387 1687 492 1754 aliqua
518 1687 660 1756 potentia
683 1687 733 1741 vel
761 1686 970 1755 intelligentia
991 1685 1085 1753 aqua
1102 1685 1195 1740 homo

120 1777 312 1848 dependeat,
329 1777 501 1832 atheismus
513 1775 640 1831 videtur
655 1776 817 1830 moraliter
829 1775 1041 1845 impossibilis.
1055 1777 1195 1844 Insuper,

99 1905 101 1908 -
119 1867 150 1922 si
166 1866 286 1934 aliquis
302 1866 447 1921 dubitare
458 1866 562 1934 potest
578 1864 616 1920 de
630 1864 799 1920 existentia
813 1863 876 1931 Dei,
892 1878 954 1918 non
974 1863 1100 1919 videtur
1114 1863 1195 1931 quod

120 1956 231 2026 possit
253 1955 411 2010 affirmare
436 1955 538 2008 mente
562 1956 658 2008 Deum
684 1967 747 2008 non
778 1967 855 2008 esse.
888 1953 975 2007 Unde
1005 1951 1194 2008 Psalmista:

120 2065 135 2096 ι
153 2044 247 2100 Dixit
260 2045 412 2115 insipiens
426 2041 460 2096 io
473 2041 563 2096 corde
582 2057 637 2107 suo
656 2061 665 2094 .·
682 2045 747 2098 Non
763 2043 811 2098 est
826 2045 915 2097 Deus.
933 2061 945 2091 »

552 2393 680 2452 CAPUT
701 2394 774 2451 LXi

518 2555 557 2596 DE
576 2555 707 2597 NATURA
730 2555 843 2596 DIVINA

237 2645 275 2685 ET
295 2645 462 2686 sencinum
476 2645 515 2686 De
534 2645 606 2686 utus
627 2643 853 2694 SIMPLIOITA‘ru
875 2641 1092 2684 DisTINcTIONu

566 2734 602 2774 ET
623 2733 759 2774 UNITATE

166 2889 249 2944 1022.
272 2888 389 2958 Huius
408 2888 591 2944 tractatus
605 2887 763 2959 partitio.
781 2915 815 2926 -
838 2885 989 2942 Absoluta
1003 2886 1173 2954 quaestione
1191 2905 1197 2940 :

122 2977 185 3032 An
202 2974 245 3031 sit
268 2974 382 3030 Deus?
407 2976 555 3032 solvenda
576 2978 624 3032 est
644 2977 706 3032 alia
729 2976 883 3046 quaestio:
908 2973 991 3036 Quid
1015 2973 1057 3030 sit
1081 2973 1199 3030 Deus?

123 3065 295 3136 Agendum
312 3066 359 3121 est
373 3065 473 3134 igitur
494 3065 530 3121 de
554 3064 669 3122 natura
690 3064 807 3132 divina,
822 3076 900 3133 quae,
918 3064 990 3120 licet
1008 3063 1050 3119 sit
1071 3063 1197 3119 omnino

123 3155 278 3228 simplex,
301 3156 338 3212 ut
359 3153 568 3225 explicabitur
586 3153 680 3220 inira,
700 3154 806 3208 tamen
839 3167 857 3208 a
886 3153 975 3210 nobis
1001 3153 1200 3221 cognoscitur

124 3245 223 3314 quasi
243 3243 325 3300 esset
348 3243 530 3314 composita.
554 3243 640 3299 Unde
663 3243 854 3298 tractabitur
866 3242 1005 3312 primum
1030 3240 1201 3296 denatura

124 3333 242 3390 divina
256 3331 389 3402 (scilicet
403 3333 439 3388 de
454 3332 585 3397 unitate,
601 3331 747 3396 veritate,
768 3331 907 3386 bonitate
922 3330 1053 3399 aliisque
1076 3329 1200 3400 periec-

127 3421 274 3478 tionibus
289 3422 365 3492 Dei),
382 3420 493 3476 deinde
508 3421 544 3477 de
566 3420 728 3476 attributis
749 3420 866 3475 divinis
888 3419 1018 3488 (scilicet
1045 3418 1082 3473 de
1104 3418 1199 3474 intel-

120 3511 224 3574 lectu,
242 3510 278 3566 dc
293 3510 513 3574 voluntate,de
525 3508 689 3581 potentia),
707 3509 833 3565 tandem
848 3509 885 3565 de
900 3506 1135 3578 operationibus
1156 3507 1199 3578 (id

121 3599 188 3670 est,
200 3599 239 3655 de
250 3599 417 3662 creatione,
430 3599 467 3654 de
482 3613 632 3655 concursu
646 3598 764 3664 divino,
774 3598 811 3653 de
826 3597 1051 3666 gubernatione
1066 3597 1197 3664 rerum).

165 3731 248 3788 1023.
269 3731 321 3787 De
336 3733 470 3787 natura
479 3735 516 3788 et
530 3731 673 3787 unitate
682 3728 749 3786 Del
762 3729 980 3801 quaestiones
995 3731 1034 3784 et
1045 3743 1195 3785 errores.
1293 3721 1295 3724 ’

116 3852 160 3893 Ι--
179 3824 222 3878 De
237 3819 353 3878 natura
367 3819 476 3876 divina
489 3821 597 3878 statim
612 3819 782 3890 quaeritur:
795 3818 930 3904 Ubinam¹
941 3817 984 3874 sit
997 3813 1197 3890 reponendai
