2828 4550
187 389 223 444 98
617 403 833 446 rsxoaouooix

224 514 257 568 2⁰
269 515 352 570 Idem
369 515 534 570 dicendum
545 519 593 571 est
608 514 645 570 de
660 515 856 583 argumentis
866 513 1040 582 desumptis
1055 526 1095 567 ex
1105 511 1263 574 consiliis,

187 602 463 658 exhortationibus
475 607 507 658 et
522 604 698 674 praeceptis,
719 603 776 658 hoc
794 603 894 664 modo,
911 616 960 656 ex.
987 615 1034 668 gr.
1047 617 1054 654 :
1069 620 1083 650 ι
1100 602 1198 656 Homo
1211 601 1266 680 est

189 690 279 747 liberi
299 691 424 747 arbitrii
442 691 604 760 :alioquin
630 692 750 747 lrustra
769 692 873 748 essent
895 689 1036 754 consilia,
1066 689 1265 745 exhortatio·

188 794 253 843 nes,
269 789 436 850 praecepta,
453 780 715 851 prohibitiones...
739 799 751 828 a
769 780 807 847 (l)

225 871 351 925 -Sane
371 871 436 924 baec
451 871 652 926 demontrant
667 869 824 924 hominem
841 883 902 923 non
922 867 1126 923 determinari
1154 880 1265 922 neces-

188 959 272 1014 sarib
287 973 343 1028 per
357 958 519 1029 passiones
533 960 565 1014 et
577 973 705 1028 organa,
719 958 771 1014 sed
788 971 850 1014 non
865 957 1027 1012 sufficiunt
1042 957 1080 1010 ad
1096 955 1264 1011 conlutau·

188 1047 262 1102 dum
282 1044 559 1102 dolermlutsmum
584 1062 676 1116 quem
699 1048 813 1102 vocant
840 1043 1094 1100 intellectualem.
1128 1047 1264 1100 Verum·

188 1137 305 1197 tamen,
322 1136 394 1191 licet
407 1135 592 1206 imperfecta
606 1136 680 1199 sint,
697 1136 885 1206 argumenta
908 1134 1063 1203 eJusmodi
1087 1132 1264 1188 ostendunt

184 1225 251 1294 jam
267 1223 372 1293 aliquo
398 1225 489 1280 modo
511 1225 667 1280 hominem
691 1239 760 1280 esse
779 1224 941 1279 dominum
966 1237 1097 1278 suorum
1116 1222 1260 1286 actuum,

187 1313 262 1383 quia
276 1313 494 1377 ratiocinatur,
509 1313 623 1384 accipit
638 1314 688 1368 vel
702 1313 807 1382 rejicit
822 1311 953 1368 consilia
963 1311 1262 1382 etpraesoriptiones

188 1409 281 1473 prout
294 1403 378 1457 vult.

223 1490 253 1544 3ο
264 1491 360 1546 Affine
373 1493 421 1546 est
436 1491 623 1561 praecedenti
639 1499 859 1559 argumentum
869 1490 1069 1561 desumptum
1081 1504 1120 1544 ex
1134 1489 1259 1559 legibus

187 1580 220 1635 et
235 1580 331 1650 paenis
346 1579 396 1635 vel
411 1579 559 1650 praemiis,
576 1580 632 1634 hoc
649 1579 761 1634 modo:
784 1597 797 1628 α
815 1581 912 1634 Homo
928 1580 976 1634 est
1001 1579 1092 1633 liberi
1109 1579 1237 1634 arbitrii
1251 1595 1259 1644 ;

186 1683 276 1724 secus
299 1669 383 1723 enim
408 1683 470 1724 non
492 1669 597 1724 essent
620 1669 704 1736 leges
723 1669 869 1738 poenales,
883 1669 952 1722 ciam
975 1667 1045 1722 istae
1069 1667 1195 1722 nonnisi
1218 1667 1262 1722 ad

187 1757 382 1826 dirigendam
399 1757 575 1813 libertatem
591 1757 725 1813 conditae
740 1758 814 1812 sunt
827 1775 852 1809 ι.

154 1894 155 1898 =
224 1861 315 1933 Resp.
332 1893 366 1904 -
382 1865 460 1919 Sane
475 1864 537 1932 jam
555 1877 616 1919 non
638 1865 743 1918 essent
757 1864 840 1932 leges
862 1865 995 1919 morales
1010 1863 1139 1934 proprie
1154 1863 1264 1930 dictae,

187 1952 214 2008 si
241 1953 334 2007 homo
358 1966 420 2007 non
443 1954 526 2008 esset
553 1951 642 2017 liber,
664 1953 700 2007 ut
720 1951 857 2007 diximus
882 1953 983 2007 antea.
1006 1951 1165 2017 Attamen,
1185 1952 1263 2009 nect

186 2041 280 2096 homo
305 2056 366 2095 non
392 2043 474 2096 esset
492 2041 582 2104 liber,
607 2042 689 2110 leges
713 2039 796 2096 ferre
815 2040 978 2109 expediret
1003 2041 1040 2096 de
1061 2041 1201 2110 praemiis
1225 2043 1262 2098 et

186 2131 295 2200 paenis,
316 2130 367 2184 vel
383 2129 488 2199 potius
510 2128 650 2186 debonis
666 2129 775 2184 dandis
791 2131 822 2184 et
839 2128 1134 2198 malisinlligendia
1153 2131 1188 2185 ut
1212 2129 1262 2186 sie

186 2219 328 2274 homines
351 2219 391 2274 ad
412 2219 561 2287 quosdam
583 2221 672 2274 actus
691 2218 894 2273 allicerentur
916 2219 972 2273 aut
993 2217 1031 2272 ab
1055 2218 1101 2274 eis
1127 2219 1262 2274 averta-

185 2313 309 2362 rentur.
344 2309 390 2363 lta
421 2306 570 2361 animalia
602 2306 736 2374 quodam
767 2306 858 2361 modo
891 2306 1101 2376 praemiantur
1130 2307 1163 2362 et
1193 2321 1262 2378 pu-

186 2396 328 2451 niuntur.

223 2539 286 2592 918.
307 2539 359 2594 De
379 2539 461 2594 idea
478 2538 673 2593 libertatis.
694 2568 729 2578 -
748 2538 778 2592 4ο
799 2538 891 2594 Aliud
920 2537 1143 2606 argumentum
1169 2538 1264 2594 desu-

188 2626 287 2682 mitur
301 2642 341 2681 ex
361 2626 430 2681 idea
442 2627 607 2690 libertatis,
623 2626 682 2682 hoc
698 2627 807 2682 modo:
824 2627 896 2682 idea
910 2626 1064 2682 libertatis
1080 2640 1143 2681 non
1165 2628 1264 2683 desti·

187 2714 292 2768 tuitur
313 2714 416 2769 homo.
435 2713 529 2781 Atqui
544 2715 609 2769 haec
629 2715 700 2770 idea
714 2729 776 2770 non
790 2716 895 2770 oritur
918 2715 979 2770 nisi
1001 2730 1041 2770 ex
1060 2715 1265 2785 experientia

187 2801 353 2858 libertatis.
370 2805 450 2871 Ergo
464 2801 557 2857 homo
573 2804 621 2858 est
635 2803 722 2858 liber.

222 2904 314 2978 Rcep.
331 2907 438 2962 -Sed
459 2907 573 2963 falsum
597 2910 645 2964 est
658 2909 758 2964 ideam
778 2909 934 2966 libertatis
954 2924 1016 2966 non
1035 2910 1114 2965 oriri
1137 2910 1200 2966 nisi
1222 2926 1265 2967 ex

187 2996 383 3065 experientia
396 2995 564 3062 libertatis;
577 3011 648 3052 nam
664 2998 734 3053 idea
749 2997 904 3053 libertatis
917 2999 1019 3054 ideam
1033 2999 1263 3069 contingentia

187 3085 400 3152 consequitur,
425 3085 460 3139 ut
481 3085 548 3153 Jam
571 3085 719 3140 diximus.
749 3088 819 3141 Haec
846 3088 952 3142 autem
980 3088 1086 3143 oritur
1112 3103 1153 3142 ex
1177 3088 1261 3144 ideis

186 3173 309 3245 primis,
325 3172 445 3228 scilicet
459 3187 497 3228 ex
508 3173 585 3228 ideis
600 3175 681 3229 entis
697 3175 865 3230 necessarii
880 3177 912 3230 et
926 3176 1008 3230 entis
1024 3176 1194 3247 possibilis.

222 3273 262 3325 nt
277 3285 338 3324 non
354 3270 526 3325 diffitemur
545 3286 599 3339 per
612 3270 713 3326 ideam
728 3271 883 3329 libertatis
897 3273 949 3328 vel
962 3274 1069 3343 potius
1081 3288 1139 3344 per
1155 3275 1261 3332 ideam

188 3359 221 3414 in
240 3373 363 3426 genere,
388 3373 444 3414 sau
468 3373 525 3428 per
547 3359 756 3428 cognitionem
780 3361 1036 3426 intellectualem,
1052 3363 1207 3432 explicari
1229 3365 1263 3420 et

188 3446 293 3513 aliquo
319 3448 408 3502 modo
433 3447 642 3502 demonstrari
667 3449 855 3505 libertatem.
881 3451 979 3505 Homo
1005 3451 1090 3506 enim
1120 3466 1184 3506 non
1209 3453 1261 3510 est

187 3534 277 3598 liber,
300 3535 331 3589 id
350 3539 409 3599 est,
428 3549 528 3606 capax
551 3536 695 3605 eligendi,
722 3537 783 3592 nisi
807 3540 961 3606 quatenus
985 3539 1146 3609 intelligit.
1171 3541 1261 3598 Unde

187 3623 298 3680 scribit
312 3625 340 3678 S.
353 3624 427 3678 Tu:
447 3643 461 3674 α
476 3626 513 3679 Et
525 3638 583 3694 pro
597 3627 685 3681 tanto
700 3640 823 3682 necesse
838 3627 983 3698 estquod
998 3628 1092 3684 bomo
1107 3629 1151 3686 sit
1165 3630 1261 3688 liberi
1297 3697 1300 3705 ¹
1409 3675 1410 3712 ,

217 3797 252 3861 (1)
263 3798 289 3847 s.
308 3797 370 3855 ru..
387 3797 421 3855 u,
438 3813 463 3863 q.
478 3798 518 3859 aa,
533 3814 559 3850 a.
579 3801 601 3849 1.
