2828 4550
216 378 252 434 96
645 395 864 437 rsrcnonoarn

251 503 543 560 cuneandum
571 505 615 560 de
634 505 819 562 libertatis
842 507 1062 564 extensione.
1084 537 1118 546 —
1143 508 1292 574 Tandem,

217 595 385 662 antequam
402 595 655 650 demonstremus
671 593 830 650 hominem
846 609 913 652 esse
928 596 1073 660 liberum,
1091 597 1294 652 concedimus

216 683 343 751 quidem
360 683 519 738 hominem
535 697 596 738 non
610 698 677 738 esse
692 684 827 738 liberum
843 685 875 738 in
892 685 1001 740 multis
1016 684 1150 740 actibus.
1175 687 1211 740 st
1236 701 1293 741 re-

218 786 295 826 vera
307 787 367 827 non
380 763 515 840 'singulis
527 773 693 828 momentis
705 773 798 828 bomo
811 775 916 843 potest
925 788 1052 843 peccare
1067 775 1124 830 aut
1136 777 1292 844 apeccato

218 860 384 942 abstinere,
402 862 517 930 eligere
531 861 589 916 hoc
597 864 647 917 vel
661 863 748 924 illud,
761 863 841 918 velle
853 864 979 918 tandem
994 863 1145 932 quidquid
1161 865 1290 932 cogitat.

219 952 274 1004 Sed
292 951 463 1020 saepissime
488 951 718 1006 determinatur
742 951 940 1022 passionibus
969 953 1000 1007 et
1025 951 1184 1008 habitibus
1211 954 1290 1017 suis,

217 1040 391 1094 virtutibus
407 1041 457 1094 vel
472 1041 568 1095 vitiis.
583 1041 628 1095 Ad
648 1041 713 1094 haec
729 1041 834 1094 tamen
850 1039 977 1096 libertas
989 1041 1185 1097 extenditur.
1202 1043 1290 1097 Unde

217 1129 335 1184 directe
351 1129 401 1183 vel
421 1129 572 1184 indirecte
589 1129 681 1184 homo
701 1131 749 1184 est
764 1129 909 1184 dominus
924 1131 1051 1184 actuum
1075 1144 1206 1186 suorum
1222 1145 1291 1186 ncc-

216 1232 289 1283 non,
307 1218 416 1273 saltem
433 1217 537 1286 aliquo
553 1218 655 1277 modo.
673 1218 770 1272 totius
781 1218 855 1272 vitae
872 1231 945 1272 suae.

252 1318 339 1370 Nunc
354 1317 459 1370 autem
475 1314 678 1384 aggredimur
693 1314 795 1370 solbm
811 1315 1028 1370 demonstrare
1044 1315 1204 1370 hominem
1221 1330 1290 1371 esse

216 1405 351 1460 liberum
369 1422 375 1459 :
392 1405 496 1474 primo
511 1403 713 1476 probationes
738 1405 839 1458 certas
863 1405 1046 1466 afferemus;
1059 1404 1171 1459 deinde
1186 1404 1290 1460 incer-

215 1496 330 1551 tesval
355 1494 555 1565 imperfectas
578 1493 803 1558 discutiemus3
829 1493 955 1548 tandem
969 1491 1160 1560 obJ'eotiones
1183 1494 1290 1549 solve-

217 1599 297 1640 mus.

251 1725 314 1780 914.
336 1725 456 1781 Liberi
467 1724 611 1780 arbitrii
625 1722 896 1779 demonstratio.
912 1753 947 1764 —
961 1724 1103 1778 Liberum
1116 1723 1287 1780 arbitrium

206 1814 583 1873 ‚demonstratur210ex
607 1813 798 1868 conscientia
824 1812 1060 1883 psycbologici3
1086 1815 1118 1869 2⁰
1139 1827 1179 1867 ex
1212 1828 1286 1868 con-

216 1904 347 1960 scientia
363 1904 490 1967 morali;
504 1903 532 1956 3⁰
543 1918 581 1958 ex
594 1903 738 1957 absurdis
752 1916 820 1970 quae
836 1901 927 1956 liberi
943 1901 1068 1956 arbitrii
1083 1902 1283 1971 negationem

216 1994 460 2062 consequuntur.

263 2105 289 2155 1⁰
320 2097 516 2154 Conscientia
546 2096 772 2170 psycboiopicn.
805 2128 841 2138 -
877 2097 1094 2164 Unusquisque
1120 2097 1284 2168 propriam

214 2191 390 2246 libertatem
414 2190 577 2261 experitur
607 2189 714 2242 multis
737 2187 837 2242 modis
853 2188 884 2241 et
907 2187 952 2240 ita
967 2186 1180 2256 perspicuant
1194 2187 1232 2241 de
1248 2187 1285 2243 eei

214 2280 359 2336 dubitare
376 2295 435 2335 non
451 2278 551 2350 possit
572 2278 632 2332 nisi
652 2275 866 2348 philosophice
887 2293 893 2329 :
912 2274 1040 2330 dubium
1063 2277 1169 2330 autem
1189 2289 1284 2346 prac-

213 2369 312 2425 ticum
337 2372 384 2424 cst
406 2367 609 2438 impossibile.
641 2369 717 2420 Sanc
742 2364 862 2419 bomini
885 2363 1034 2434 obrepere
1059 2364 1164 2433 potest
1192 2379 1285 2420 error

214 2459 472 2527 circaobjeotum
495 2456 686 2526 particulare
716 2455 768 2508 vel
796 2453 1007 2508 extensionem
1039 2453 1204 2517 libertatis,
1230 2454 1283 2509 sed

214 2549 302 2604 nullo
319 2549 409 2603 modo
426 2547 510 2601 circa
523 2545 700 2599 libertatern
716 2544 825 2612 ipsam.
843 2542 943 2597 Sentit
958 2543 1041 2597 enim
1058 2556 1112 2597 seu
1126 2543 1284 2598 conscien-

213 2637 260 2692 tia
290 2635 450 2708 cognoscit
484 2633 645 2688 multoties
673 2631 810 2701 seipsum
840 2631 919 2685 velle
951 2631 1067 2698 aliquid
1094 2631 1165 2685 cum
1195 2631 1283 2686 aliud

215 2725 294 2780 velle
310 2727 424 2794 potest,
441 2721 651 2794 apprehendit
665 2721 804 2790 seipsum
820 2719 1035 2781 determinari,
1052 2719 1235 2774 ratiocinari
1251 2722 1283 2775 et

215 2814 348 2883 opinari,
365 2813 479 2881 eligere
494 2811 610 2866 bonum
629 2809 774 2864 sensibile
790 2809 839 2864 vel
855 2808 970 2863 bonum
993 2807 1201 2876 intelligibile,
1228 2810 1282 2864 ho·

213 2905 338 2960 nestum
354 2905 403 2958 vel
419 2904 506 2968 utile,
521 2901 616 2971 prout
629 2901 707 2955 vult.

250 2995 333 3048 Hanc
363 2992 586 3047 conscientiam
615 2989 770 3045 libertatis
792 3003 895 3044 sermo
917 2989 1065 3044 testatur.
1092 2989 1168 3042 Aliae
1194 2989 1281 3044 enim

213 3086 287 3139 sunt
307 3096 399 3137 voces
424 3096 492 3150 quae
516 3079 744 3142 necessitatem,
774 3079 805 3132 et
828 3077 896 3132 aliae
925 3092 993 3146 quae
1019 3078 1281 3146 contingentiam,

211 3170 467 3234 indifferentiam,
483 3168 723 3242 possibilitatem
739 3168 771 3222 et
780 3166 956 3221 libertatern
972 3165 1160 3234 significant.

249 3263 331 3316 lianc
359 3260 537 3315 libertatem
562 3271 628 3314 esse
651 3257 767 3312 realem
792 3256 987 3311 demonstrat
1008 3255 1102 3310 etiam
1128 3255 1281 3324 quidquid

211 3366 359 3419 magnum
376 3351 407 3404 et
422 3348 582 3403 heroicum
605 3346 766 3415 patratum
789 3346 837 3400 est
861 3344 898 3398 ab
921 3343 1102 3399 bominibus
1125 3345 1161 3399 ut
1183 3343 1283 3398 liber-

209 3441 306 3495 tatem
323 3438 496 3501 servarent,
513 3437 567 3492 aut
583 3436 729 3490 amissam
745 3434 978 3504 recuperarent.

243 3547 275 3598 20
292 3541 489 3599 Conscientia
509 3541 649 3597 moeniis.
666 3573 700 3581 -
724 3540 868 3596 Vividibs
893 3539 994 3596 adbuc
1020 3539 1199 3596 libertatem
1215 3554 1284 3612 esse

211 3636 347 3692 testatur
368 3633 559 3689 conscientia
581 3631 718 3687 moralis.
747 3633 822 3684 Nam
849 3629 942 3684 homo
966 3628 1117 3698 intelligit
1142 3629 1282 3700 seipsum

211 3725 343 3792 obligari
358 3723 395 3778 ad
411 3723 568 3798 implenda
588 3720 689 3776 multa
703 3719 804 3774 officia
817 3719 885 3774 sive
905 3733 980 3788 erga
1000 3718 1107 3782 Deum,
1124 3717 1192 3772 sive
1207 3733 1284 3787 erga

210 3815 288 3870 alios
312 3814 464 3877 homines,
490 3812 557 3867 sive
580 3824 655 3878 erga
678 3809 827 3880 seipsum.
853 3809 950 3863 Error
978 3805 1104 3876 quidem
1131 3805 1283 3878 obrepere
