2910 4568
241 388 276 441 lo
669 377 886 442 rsvcuonoom

243 512 332 576 male,
347 510 502 580 siquidem
522 511 666 581 potentia
680 525 743 566 non
762 511 892 580 respicit
914 512 974 566 nisi
990 511 1147 581 objectum
1168 509 1315 578 formale,

241 603 280 657 ad
299 599 381 670 quod
399 598 564 656 ordinatur
578 613 635 670 per
654 613 707 664 se3
730 598 887 668 objectum
904 601 980 654 vero
996 599 1158 656 materiale
1181 614 1244 656 non
1267 601 1316 657 est

240 689 431 761 principium
444 687 495 742 vel
509 687 665 743 terminus
680 687 813 743 actionis
829 687 976 760 polentiae
993 688 1053 743 nisi
1074 701 1132 758 per
1150 688 1312 748 accidens.

241 777 327 842 Quod
343 776 387 831 sic
402 774 539 844 explicat
552 775 581 829 S.
598 775 651 830 Th.
666 791 672 827 :

277 882 458 953 Respondeo
473 881 639 936 dicendum
655 881 737 949 quod
760 881 912 952 potentia,
936 881 1106 938 secundum
1126 882 1205 938 illud
1227 884 1311 952 quod

240 959 288 1012 est
300 953 452 1024 potentia,
469 952 636 1008 ordinatur
654 952 693 1008 ad
708 954 822 1008 actum.
840 953 926 1008 Unde
942 954 1066 1022 oportet
1081 955 1235 1009 rationem
1248 969 1310 1025 po·

240 1025 346 1081 tentiae
362 1023 461 1094 accipi
479 1038 518 1078 ex
533 1025 605 1080 actu
620 1023 659 1078 ad
674 1037 765 1092 quem
788 1023 973 1089 ordinatur;
996 1024 1027 1079 et
1045 1039 1102 1095 per
1116 1038 1310 1094 consequens

239 1095 460 1166 oportetqudd
482 1095 563 1150 ratio
587 1095 736 1166 potentiae
761 1093 993 1150 diversificetur
1016 1097 1053 1150 ut
1076 1094 1312 1153 diversificatur

239 1168 321 1224 ratio
337 1166 436 1221 actus.
450 1165 540 1221 Ratio
555 1169 661 1220 autem
677 1165 766 1221 actus
781 1165 1014 1220 diversificatur
1024 1167 1195 1221 secundum
1207 1167 1312 1224 diver-

239 1253 306 1294 sam
322 1238 476 1292 rationem
492 1237 615 1304 objecti.
632 1237 738 1291 Omnis
752 1237 835 1292 enim
856 1237 937 1292 actio
958 1237 1010 1291 vel
1029 1238 1078 1293 est
1092 1238 1242 1308 potentiae
1258 1253 1311 1294 ac·

239 1309 324 1372 tivae,
352 1309 402 1363 vel
425 1309 569 1378 passivae.
593 1307 753 1376 ObJectum
777 1309 883 1362 autem
908 1309 1110 1376 comparatur
1137 1309 1176 1364 ad
1205 1311 1311 1366 actum

239 1379 388 1451 potentiae
409 1379 541 1449 passivae
565 1379 646 1434 sicut
668 1378 859 1450 principium
883 1380 915 1436 et
937 1393 1031 1434 causa
1057 1393 1203 1442 movens3
1224 1381 1313 1437 color

239 1451 334 1514 enim,
351 1450 537 1518 inquantum
554 1451 660 1505 movet
681 1450 796 1514 visum,
819 1450 866 1504 est
885 1449 1077 1520 principium
1099 1450 1247 1507 visionis.
1266 1452 1312 1507 Ad

239 1525 344 1578 actum
360 1523 465 1576 autem
482 1521 628 1590 potentiae
650 1521 761 1576 activae
784 1521 988 1591 comparatur
1008 1520 1166 1590 objectum
1189 1525 1225 1577 ut
1249 1524 1311 1578 ter·

241 1594 343 1647 minus
365 1596 397 1646 et
422 1591 513 1657 linis3
538 1592 621 1647 sicut
645 1591 890 1660 augmentativae
920 1592 1051 1648 virtutis
1077 1592 1233 1658 obiectum
1263 1595 1313 1650 est

239 1665 391 1734 quantum
411 1663 596 1732 perlectum,
619 1663 700 1731 quod
716 1665 764 1718 est
784 1661 855 1717 linis
870 1663 1041 1730 augmenti.
1068 1664 1112 1717 Ex
1138 1663 1186 1718 his
1202 1666 1310 1720 autem

239 1734 360 1790 duobus
375 1734 456 1788 actio
472 1734 605 1802 speciem
621 1733 744 1803 recipit,
760 1733 881 1788 scilicet
894 1749 934 1789 ex
952 1733 1107 1804 principio
1128 1735 1232 1789 velex
1248 1735 1311 1792 dne

238 1820 293 1861 seu
309 1805 479 1860 termino...
497 1803 582 1859 Unde
596 1819 720 1860 necesse
736 1805 783 1859 est
797 1805 879 1872 qued
890 1805 1038 1874 potentiae
1053 1804 1312 1863 diversificentur

238 1877 408 1932 secundum
432 1878 520 1930 actus
547 1876 579 1931 et
602 1875 732 1944 objecta.
757 1876 813 1930 Sed
838 1876 944 1931 tamen
971 1875 1231 1932 considerandum
1262 1880 1312 1934 est

238 1947 319 2014 quod
343 1959 469 2014 eaquae
494 1949 567 2002 sunt
590 1961 646 2015 per
670 1947 812 2001 accidens
835 1961 896 2001 non
921 1946 1137 2002 diversificant
1160 1948 1309 2015 speciem.

237 2019 315 2083 Quia
343 2019 425 2072 enim
450 2017 623 2072 coloratum
652 2017 766 2071 accidit
793 2017 931 2080 animali,
962 2032 1024 2072 non
1052 2018 1312 2075 diversificantur

237 2090 355 2158 species
370 2089 515 2143 animalis
531 2102 587 2158 per
602 2088 811 2142 differentiam
823 2088 945 2152 coloriS,
959 2089 1011 2144 sed
1027 2103 1083 2158 per
1096 2089 1310 2146 differentiam

237 2161 305 2228 ejus
325 2159 407 2228 quod
427 2173 483 2228 per
509 2174 541 2214 se
560 2159 675 2216 accidit
699 2159 850 2214 animali:
874 2173 931 2229 per
954 2159 1164 2215 differentiam
1189 2161 1312 2216 scilicet

237 2231 349 2286 animae
377 2231 545 2294 sensitiva,
572 2244 641 2299 quae
668 2229 852 2298 quandoque
881 2231 1044 2285 invenitur
1072 2245 1143 2286 cum
1173 2233 1310 2296 ratione,

237 2301 421 2370 quandoque
442 2301 509 2356 sine
535 2302 667 2357 ratione.
685 2301 771 2356 Unde
796 2301 949 2356 rationale
973 2303 1005 2357 et
1028 2302 1214 2357 irrationale
1233 2305 1311 2359 sunt

237 2373 423 2428 differentiae
451 2373 593 2428 divisivae
622 2371 777 2436 animalis
807 2372 947 2428 diversas
961 2373 1030 2441 ejus
1059 2373 1312 2441 speciesoonsti-

236 2445 376 2499 tuentes.
403 2444 574 2512 sicigitur
602 2457 664 2498 non
693 2455 895 2510 quaecumque
920 2444 1087 2499 diversitas
1112 2444 1312 2512 objectorum

236 2513 430 2570 diversificat
444 2515 599 2583 potentias
614 2513 737 2576 animae,
755 2513 809 2569 sed
824 2513 1001 2569 differentia
1014 2515 1082 2581 ejus
1097 2515 1136 2569 ad
1154 2516 1238 2583 quod
1253 2530 1314 2585 per

235 2600 268 2642 se
283 2587 424 2654 potentia
442 2585 589 2655 respicit:
611 2584 693 2639 sicut
714 2598 824 2639 seusus
843 2599 900 2654 per
920 2599 953 2640 se
975 2585 1105 2656 respicit
1128 2586 1312 2654 passibilem

236 2657 431 2725 qualitatem.
446 2671 514 2724 qnae
529 2669 633 2725 perse
648 2654 804 2710 dividitur
818 2655 851 2710 in
866 2655 1013 2719 colorem,
1026 2670 1138 2711 sonum
1153 2657 1186 2712 et
1198 2657 1313 2725 hujus-

237 2727 319 2783 modi
329 2743 335 2793 ;
347 2729 379 2782 et
389 2727 458 2782 ideo
473 2727 534 2780 alia
549 2725 691 2796 potentia
706 2726 857 2781 sensitiva
871 2727 919 2782 est
934 2727 1058 2795 coloris,
1069 2726 1189 2783 scilicet
1203 2728 1311 2794 visus;

236 2800 267 2852 et
281 2799 344 2852 alia
358 2798 437 2862 soni,
455 2797 573 2852 scilicet
587 2796 749 2851 auditus...
766 2797 816 2868 (l).

271 2932 333 2986 797.
352 2931 589 3001 obiectiones.
602 2959 636 2971 -
653 2932 681 2983 l⁰
696 2930 841 2984 Nonnulli
857 2931 1050 2986 contendunt
1065 2932 1223 3001 potentias
1239 2947 1313 3002 cog-

237 3020 323 3075 nosci
338 3021 371 3073 in
386 3020 494 3089 seipsis
514 3019 620 3090 potitis
642 3017 735 3087 quam
755 3032 813 3088 per
835 3019 942 3084 actus;
969 3019 1051 3075 unde
1070 3021 1220 3090 potentiae
1244 3035 1310 3076 non

235 3108 475 3178 distinguuntur
490 3109 650 3176 peractus
666 3121 749 3162 suos.

270 3205 361 3278 Hesp.
371 3234 404 3246 -
416 3207 531 3260 Verum
545 3207 593 3261 est
607 3205 696 3260 actus
712 3204 863 3274 explicari
877 3219 933 3274 per
949 3205 1113 3274 potentias,
1128 3205 1159 3259 id
1175 3207 1233 3270 est,
1251 3219 1312 3274 per

236 3309 345 3351 causas
369 3308 441 3364 suas
456 3294 630 3364 proximas,
647 3294 812 3363 postquam
827 3293 984 3362 potentias
1004 3293 1231 3363 cognovimus3
1253 3294 1312 3349 sed

235 3385 323 3454 prius
339 3384 573 3451 cognoscuntur
588 3385 619 3438 et
634 3381 873 3450 distinguuntur
887 3382 1037 3452 potentiae
1052 3383 1221 3451 peractus

267 3477 300 3527 20
315 3473 391 3526 cum
409 3470 541 3527 scientia
556 3471 598 3526 sit
612 3470 750 3539 cognitio
770 3484 826 3541 per
841 3484 960 3534 causas,
977 3471 1103 3539 oportet
1118 3471 1154 3525 ut
1178 3471 1318 3527 scientia

233 3561 449 3634 potentiarum
466 3561 507 3615 sit
522 3559 658 3630 cognitio
674 3573 730 3629 per
749 3558 896 3622 animam,
921 3573 989 3626 quae
1013 3559 1061 3614 est
1083 3559 1226 3614 omnium
1251 3575 1319 3631 po-

235 3649 408 3704 tentiarum
427 3662 530 3702 causa.

264 3801 300 3862 (l)
318 3801 397 3864 laq.
422 3798 530 3858 tuac
