2828 4550
233 383 285 439 160
677 397 851 438 rabuciona

211 510 307 568 ,diam
323 525 411 566 suam
427 510 573 570 formam,
591 510 644 565 sed
660 510 763 564 tamon
781 511 828 565 cst
849 508 1010 564 infinitum
1027 509 1199 565 secundbm
1218 510 1299 578 quid,

232 582 417 646 inquantum
435 589 482 636 est
503 581 742 652 inpotentiam)
770 581 888 648 figuras
910 580 1061 636 infinitas.
1083 581 1114 636 Si
1133 592 1239 635 autem
1255 583 1300 636 lo-

231 667 367 722 quamur
381 653 419 707 de
438 651 563 706 infinito
583 652 751 707 secundnm
770 654 851 721 qrrbd
877 653 1024 706 convenit
1039 653 1160 713 formae,
1178 653 1223 706 sio
1239 667 1301 706 ma·

232 725 383 778 nil'estum
405 725 454 778 est
475 726 554 790 quod
575 724 629 778 illa
651 739 782 791 quorum
808 724 916 778 formae
936 725 1057 778 suntin
1077 723 1211 778 materia
1232 726 1302 778 sunt

232 796 420 864 simpliciter
436 796 524 849 linita
539 800 570 850 ot
587 796 672 848 nullo
692 795 781 850 niodo
797 795 931 848 inlinita.
949 795 979 849 Si
992 797 1097 850 autem
1113 795 1178 848 sint
1193 794 1301 860 aliquae

233 867 344 921 formae
359 867 470 921 creatae
485 881 544 920 non
561 869 693 936 receptae
706 866 735 919 in
756 865 895 921 materia.
911 866 964 921 sed
979 881 1036 936 per
1050 881 1082 921 ae
1098 866 1301 921 subsistentes

233 938 365 1006 (scilicet
380 937 542 1006 angeli).,.,
566 947 660 992 erunt
675 938 798 1005 cuidem
822 937 952 992 inlicitae
972 937 1143 992 secundnm
1159 937 1246 1005 qriid.
1261 936 1302 990 in·

232 1014 384 1077 quantum
410 1009 589 1074 hujusmodi
615 1007 724 1062 sornue
751 1023 809 1062 non
830 1009 1042 1063 terminantur
1066 1022 1164 1076 neque
1184 1010 1304 1062 contra·

232 1080 352 1133 huntur
366 1095 422 1149 per
436 1081 572 1146 aliquam
590 1081 763 1134 materiam.
778 1081 832 1134 Sed
850 1081 923 1147 quia
938 1079 1040 1135 forma
1054 1085 1160 1134 creata
1175 1079 1221 1134 sic
1235 1079 1302 1133 sub-

232 1151 347 1206 sistens
375 1151 468 1205 habet
490 1154 616 1212 essaei
636 1167 696 1204 non
717 1161 765 1204 est
788 1166 879 1206 suum
905 1165 983 1214 esse,
1005 1165 1130 1205 necesse
1151 1151 1199 1204 est
1223 1149 1302 1216 quod

232 1222 335 1290 ipsum
351 1223 420 1290 eius
436 1237 502 1277 esse
518 1223 560 1277 sit
575 1232 731 1286 receptum
749 1231 781 1276 et
795 1225 990 1278 contractum
1007 1223 1045 1277 ad
1061 1222 1301 1276 determinatam

234 1299 390 1347 naturam.
413 1294 498 1348 Unde
517 1307 577 1348 non
593 1296 778 1364 potestesse
798 1293 958 1348 inlinitum
975 1293 1162 1364 simpliciter
1178 1291 1230 1362 (l).

648 1623 777 1682 CAPUT
797 1622 893 1680 LXIV

318 1789 357 1828 DE
376 1787 560 1833 ATTRIBUTIS
580 1787 698 1826 Divisis
720 1787 757 1826 ui*
777 1784 945 1826 senciarlni
965 1785 1004 1825 Di]
1024 1783 1215 1824 ATTRIBUTIS

509 1877 675 1918 ABSOLUTIS
696 1875 750 1916 sub
770 1874 998 1915 MuTaPHYsicls
1014 1875 1021 1912 2
1037 1878 1040 1885 '

286 1969 326 2009 DE
354 1967 623 2008 IMMUTABILITATE
649 1966 686 2006 ΕΓ
714 1964 938 2012 ΛΕΤΕΗΝΙΤΑΤΕ,
968 1963 1007 2003 ΒΕ
1033 1961 1252 2004 IMMunsm'rn

274 2123 350 2180 1065.
365 2124 431 2178 Dei
448 2123 639 2178 attributa.
659 2152 690 2162 —
713 2121 890 2176 Generatim
911 2121 1060 2175 dicuntur
1081 2121 1133 2174 Dei
1149 2118 1307 2175 attributa

234 2214 296 2268 illae
312 2213 519 2284 perfectiones
535 2212 650 2266 divinae
666 2224 733 2277 uuae
749 2211 919 2264 secundum
940 2210 1084 2264 nostrum
1110 2207 1306 2278 concipiendi

234 2305 360 2358 modum
377 2301 544 2357 essentiam
561 2315 616 2354 seu
639 2309 784 2353 naturam
808 2299 947 2353 divinam
974 2298 1220 2364 consequuntur.
1237 2296 1308 2351 Alia

233 2393 461 2462 exprimuntur
475 2390 684 2445 affirmatione
700 2390 732 2442 et
756 2389 824 2442 ideo
840 2388 989 2442 dicuntur
1003 2386 1142 2456 positiva
1164 2386 1221 2454 (ita
1241 2399 1309 2439 om-

234 2478 431 2551 nipotentia),
450 2483 481 2535 et
495 2480 558 2533 alia
571 2479 794 2547 exprimuntur
807 2477 983 2546 negatione,
999 2489 1068 2544 quae
1084 2475 1237 2530 dicuntur
1256 2488 1308 2528 ne-

235 2573 341 2642 gativa
356 2569 629 2639 (immutabilitas).
648 2568 716 2622 Alia
739 2566 954 2636 operationem
979 2565 1154 2634 important
1171 2563 1306 2632 (intelli-

235 2661 349 2729 gentia,
374 2659 538 2729 potentia),
561 2659 593 2712 et
616 2658 677 2711 alia
707 2671 768 2711 non
792 2656 1009 2725 (immensitas,
1030 2653 1219 2720 aeternitas).
1238 2653 1309 2706 Alia

234 2751 309 2804 sunt
325 2747 547 2818 metaphysica,
565 2760 633 2815 quae
649 2749 880 2813 cognoscuntur
895 2743 1146 2799 consideratione
1160 2741 1306 2797 universi

234 2837 496 2908 (immutabilitas,
513 2837 684 2899 aeternitas,
701 2835 921 2901 immensitas),
938 2837 969 2887 et
988 2833 1050 2887 alia
1075 2831 1217 2894 moralia,
1234 2842 1306 2898 quae

235 2929 465 2996 cognoscuntur
477 2925 666 2981 conscientia
681 2923 826 2992 (Justitia,
844 2923 989 2990 bonitas).
1004 2920 1139 2976 Tandem
1150 2919 1215 2974 alia
1229 2920 1307 2974 sunt

234 3016 379 3080 relativa,
396 3029 463 3083 quae
486 3015 670 3070 relationem
697 3019 848 3068 creaturae
872 3026 942 3066 cum
968 3014 1028 3066 Deo
1052 3008 1228 3079 important
1251 3008 1308 3074 (ita

234 3105 457 3174 Providentia),
474 3104 582 3158 atalia
597 3103 739 3158 absoluta
755 3101 946 3170 (aeternitas).

270 3197 310 3251 De
328 3194 491 3250 attributis
507 3193 540 3248 in
556 3207 668 3262 genere
683 3197 715 3246 et
729 3191 892 3262 speciatim
911 3191 948 3245 de
963 3187 1126 3244 attributis
1142 3186 1308 3256 metaphy-

232 3285 305 3341 sicis
322 3283 489 3355 praecipuis
503 3283 569 3338 baec
582 3282 767 3337 statuuntur
784 3297 790 3334 :

267 3394 388 3447 Tuus1s.
411 3420 446 3430 —
466 3387 626 3444 Attribata
641 3385 751 3441 divina
765 3403 862 3457 acque
881 3385 966 3440 inter
980 3400 1012 3439 se
1032 3399 1130 3454 neque
1145 3380 1184 3436 ab
1197 3395 1309 3435 essen-

232 3478 278 3534 tia
306 3478 415 3534 1111111111
439 3479 512 3532 sunt
537 3475 668 3531 realiter
691 3474 860 3536 distinam
889 3473 943 3528 secl
970 3471 1213 3542 distinebantur
1238 3471 1309 3523 tum

232 3569 317 3623 inter
331 3583 373 3632 se,
391 3571 460 3622 111111
477 3583 496 3620 a
511 3565 622 3620 diciaci
642 3562 776 3619 assentiri
798 3561 998 3618 distinctione
1023 3557 1158 3616 rationis
1179 3555 1312 3612 ratioci-

233 3662 325 3712 natae.
343 3688 377 3696 -
394 3654 482 3718 Quod
496 3655 537 3710 ad
553 3653 706 3710 attributo
723 3651 933 3726 metaphysica
950 3649 1073 3712 attinet,
1091 3647 1175 3704 Deus
1188 3648 1234 3701 est
1261 3645 1311 3700 ab·

267 3815 301 3879 (l)
320 3817 356 3876 li,
370 3831 386 3879 q
411 3813 435 3873 7,
452 3832 467 3865 a
491 3815 514 3863 2.
