2828 4550
161 365 212 423 102
262 347 264 350 ⁵
589 382 806 428 rsrcnosoem

159 493 357 562 particulari,
378 491 571 561 proindeque
591 493 801 551 determinata
822 495 975 563 quatenus
997 507 1066 557 ens;
1087 493 1140 548 sed
1166 505 1230 546 non

160 581 336 650 requiritur
350 583 386 635 ut
401 594 495 635 cansa
508 582 551 636 sit
570 581 780 639 determinata
801 585 840 640 ad
863 583 942 638 tales
964 583 1093 638 effectus
1107 581 1232 652 produ-

160 670 274 725 cendos
286 669 392 740 potius
405 669 498 737 quem
514 669 553 724 ad
568 670 657 726 alios.
679 671 765 727 Unde
781 685 875 726 causa
890 671 950 726 dici
965 671 1070 742 potest
1094 669 1232 724 univer-

159 755 237 813 salis
259 761 414 826 quatenus
436 759 556 814 virtute
571 759 628 814 sua
642 761 782 816 continet
805 760 960 831 plurimos
981 759 1120 822 effectus,
1148 757 1232 814 forte

160 846 314 908 infinitos;
332 848 364 902 et
383 847 443 902 dici
459 847 562 917 potest
581 847 791 921 particularis
814 851 968 917 quatenus
994 849 1041 904 est
1055 861 1110 902 ens
1125 847 1232 902 deter-

161 935 314 991 minatum
330 951 392 1004 quo
406 936 534 992 effectus
547 937 754 1008 particulares
768 939 997 1008 producuntur.

195 1079 258 1133 924.
280 1078 515 1135 Praescientia
538 1079 663 1136 divina
686 1087 724 1136 et
745 1080 907 1136 libertas.
925 1112 958 1120 -
985 1084 1014 1135 4⁰
1042 1080 1230 1136 Fatalismus

162 1169 356 1237 theologicus
376 1168 483 1238 arguit
507 1184 546 1224 ex
578 1170 776 1240 praescientia
799 1169 916 1233 divina,
941 1183 1010 1237 quae
1033 1170 1139 1225 omnia
1162 1181 1234 1236 cog-

162 1258 273 1320 noscit,
291 1257 409 1313 iuturis
433 1259 541 1314 liberis
561 1273 622 1314 non
646 1259 797 1330 exceptis.
822 1261 902 1327 Ergo
923 1259 1033 1314 futura
1055 1258 1231 1325 libcrajam

161 1348 236 1403 sunt
258 1345 478 1412 determinata,
504 1347 568 1402 imd
592 1348 878 1418 praedeterminata,
893 1348 989 1417 juxta
1014 1349 1120 1416 plures
1144 1346 1234 1400 theo·

161 1436 265 1506 logos3
283 1437 315 1491 et
331 1436 401 1492 ideo
417 1451 479 1491 non
493 1438 567 1492 sunt
581 1451 654 1491 vere
669 1436 781 1494 libera.

198 1531 290 1607 Resp.
319 1563 354 1573 -
377 1535 577 1605 Praescientia
596 1533 704 1590 divina
727 1550 834 1591 rerum
857 1538 999 1592 naturam
1031 1548 1093 1590 non
1118 1534 1233 1596 mutat,

162 1623 306 1692 quamvis
317 1623 359 1678 sit
372 1623 579 1678 determinata
597 1623 688 1687 inse,
709 1625 990 1692 scilicetquatenus
1010 1623 1160 1684 scientia;
1174 1635 1234 1676 nec

165 1713 326 1767 aeternitas
340 1712 426 1768 tollit
440 1713 574 1782 tempus,
591 1712 664 1767 licet
679 1713 721 1768 sit
734 1727 869 1781 praesens
884 1714 969 1768 omni
983 1712 1128 1782 tempori.
1144 1711 1235 1766 Unde

163 1801 363 1872 praescientia
386 1800 504 1864 divina,
523 1815 592 1868 quae
614 1803 662 1856 est
683 1803 811 1866 aeterna,
838 1802 1010 1858 coexistere
1034 1801 1139 1871 potest
1160 1813 1234 1854 cum

164 1889 311 1945 libertate
330 1892 493 1944 creaturae.

199 2030 263 2086 925.
280 2031 582 2088 Determinismus
589 2033 823 2088 mechanicus
833 2037 872 2088 et
882 2033 1044 2088 libertas.
1055 2063 1088 2072 -
1099 2032 1153 2085 5⁰J
1157 2033 1237 2085 uxta

166 2121 305 2176 fautores
320 2121 550 2176 determinismi
566 2122 748 2185 mechanici,
765 2135 872 2177 omnes
889 2123 992 2176 motus
1015 2121 1109 2190 hujus
1126 2119 1236 2174 mundi

168 2211 289 2282 physici
305 2211 378 2266 sunt
393 2211 425 2264 in
437 2212 540 2266 causis
555 2211 620 2266 suis
636 2210 847 2266 determinati.
864 2211 950 2267 Unde
960 2209 1055 2266 etiam
1070 2209 1238 2280 supposita

168 2299 368 2356 distinctione
383 2300 601 2371 operationum
611 2301 723 2354 animae
738 2300 938 2355 intellectivae
953 2301 985 2355 et
1000 2300 1141 2354 motuum
1157 2297 1238 2368 phy-

166 2389 304 2445 sicorum
320 2389 374 2456 qui
398 2404 455 2459 per
488 2404 606 2458 organa
633 2391 832 2452 exercentur,
853 2390 924 2444 oum
949 2389 1009 2443 illae
1035 2387 1237 2458 operationes

166 2477 362 2549 dependeant
385 2479 423 2532 ab
450 2478 499 2532 his
519 2479 666 2538 motibus,
694 2478 760 2546 „iam
794 2477 900 2533 eadem
935 2477 1118 2532 necessitate
1149 2490 1238 2544 rege-

166 2567 287 2622 rentur.
401 2587 407 2600 ⁴

202 2661 294 2736 Resp.
310 2663 488 2719 -Etiamsi
505 2678 612 2719 omnes
637 2665 741 2720 motus
762 2664 883 2734 physici
898 2665 1002 2719 essent
1022 2663 1238 2725 determinati,

169 2754 270 2820 quoad
285 2753 504 2820 quantitatem,
518 2753 564 2806 ita
578 2755 614 2807 ut
628 2754 672 2808 eis
687 2754 767 2808 nihil
782 2754 886 2821 posset
905 2753 986 2816 addi,
1003 2752 1083 2807 nihil
1102 2751 1238 2813 detrahi,

169 2855 293 2910 semper
307 2841 369 2908 alia
383 2841 431 2896 vis
446 2843 592 2912 superior
606 2857 658 2898 eos
674 2843 810 2912 dirigere
832 2845 946 2914 posset.
970 2841 1235 2906 Quemadmodum

172 2930 221 2984 vis
240 2929 347 2984 vitalis
362 2930 447 2985 vires
461 2931 608 3000 physicas
622 2933 654 2986 et
676 2931 825 2987 chimicas
851 2930 909 2986 sibi
934 2931 1070 3000 subjicit,
1094 2929 1174 2985 nihil
1193 2931 1241 2985 eis

169 3017 320 3082 addendo,
337 3018 418 3072 nihil
445 3019 650 3082 detrahendo,
668 3021 714 3075 ita
729 3021 777 3075 vis
792 3020 892 3076 libera
907 3021 1012 3075 motus
1027 3019 1170 3090 physicos
1186 3020 1240 3074 vel

171 3107 334 3177 organicos
367 3122 476 3175 regere
503 3111 618 3178 potest.
653 3110 770 3164 Exinde
791 3109 828 3165 fit
859 3111 896 3164 ut
915 3109 1097 3164 necessitati
1116 3110 1240 3164 naturae

170 3195 299 3250 libertas
310 3196 523 3265 superveniat.

204 3339 266 3395 926.
288 3339 589 3395 Determinismus
603 3340 885 3411 physiologicas.
903 3371 936 3378 -
951 3341 981 3393 6ο
1005 3339 1149 3394 Sensistae
1167 3353 1241 3394 con-

169 3428 304 3484 tendunt
337 3427 473 3483 hominis
499 3430 587 3484 actus
621 3429 675 3496 qui
702 3429 893 3498 reputantur
920 3427 1011 3483 liberi
1034 3427 1241 3482 determinari

170 3531 283 3572 revera
309 3517 506 3586 passionibus
527 3517 659 3587 aliisque
683 3517 889 3586 qualitatihus
905 3517 1114 3580 hereditariis,
1135 3516 1244 3572 indole

119 3593 121 3597 ’
172 3610 203 3659 ct
217 3605 358 3675 corporis
373 3607 600 3676 complexione.

206 3699 298 3774 Resp.
315 3731 350 3742 —
365 3703 623 3759 Determinismus
639 3704 845 3759 sensistarum
861 3706 947 3760 totus
963 3703 1116 3759 fundatur
1125 3703 1157 3757 in
1171 3716 1243 3759 con-

172 3792 295 3848 fusione
326 3793 541 3861 potentiarum
570 3793 848 3858 intellectivarum,
877 3807 946 3862 quae
981 3791 1135 3846 libertatis
1167 3791 1248 3847 sunt
