2828 4550
211 378 263 438 182
655 390 830 432 rnnomcna

211 503 337 560 suntad
352 502 447 558 finem
471 502 611 558 ordinari
627 501 661 556 in
682 500 786 557 linem.
802 500 879 556 vult
902 514 976 570 ergo
992 500 1051 556 hoc
1066 513 1133 557 esse
1151 500 1288 571 propter

209 575 287 640 hoc;
303 573 357 630 sed
371 588 432 630 non
446 574 577 645 propter
590 573 649 629 lioc
664 573 734 628 vult
748 571 806 627 hoc
821 571 872 642 (1).

246 707 523 765 1112.V01untae
546 707 613 762 Dei
640 711 697 762 eet
718 704 968 762 immutabilis.
985 734 1020 745 -
1038 705 1284 762 immutabilitas

209 797 325 853 divinae
348 796 522 852 voluntatis
544 795 768 867 perfectionem
793 793 971 850 intellectus
996 793 1096 848 divini
1110 794 1142 850 et
1157 795 1283 849 naturae

209 885 324 942 divinae
340 885 552 956 consequitur.
569 887 635 940 Non
650 883 733 938 enim
749 885 829 938 Deus
844 883 927 938 esset
941 881 1110 952 perfectus,
1127 883 1153 937 si
1176 902 1189 933 a
1205 883 1283 939 inci-

209 977 299 1045 peret
317 976 396 1032 velle
412 975 493 1044 quod
517 975 606 1044 prius
630 987 692 1028 non
707 972 819 1036 voluit,
842 972 894 1028 vel
914 972 1073 1028 desineret
1092 973 1172 1029 velle
1197 973 1282 1042 quod

210 1063 327 1120 voluit.
352 1065 439 1130 Quod
462 1064 588 1133 quidem
613 1063 753 1118 accidere
767 1075 830 1116 non
845 1061 950 1132 potest
969 1061 1031 1115 nisi
1049 1061 1285 1132 praesupposita

212 1153 386 1209 mutatione
408 1153 459 1208 vel
478 1167 517 1208 ex
539 1152 630 1223 parte
653 1150 851 1220 cognitionis,
872 1150 924 1205 vel
946 1151 1031 1205 circa
1045 1149 1282 1220 dispositionem

211 1242 396 1298 substantiae
420 1243 520 1312 ipsius
535 1239 671 1297 volentis
688 1261 716 1294 a.
734 1241 911 1308 Utrumque
932 1238 1038 1294 autem
1062 1239 1111 1295 est
1129 1239 1286 1311 impossi-

211 1331 282 1388 bile.
300 1334 379 1386 Deus
400 1331 500 1400 igitur
513 1331 618 1402 potest
636 1328 718 1384 velle
735 1341 844 1384 rerum
867 1328 1073 1384 mutationem
1096 1329 1149 1384 sed
1164 1330 1285 1386 volun-

210 1420 309 1476 tatem
325 1434 415 1476 suam
436 1420 559 1475 mutare
572 1433 633 1474 non
649 1417 753 1489 potest
768 1417 816 1486 (2).

249 1553 327 1609 1113.
347 1553 523 1609 Voluntas
538 1552 663 1608 divina
673 1565 819 1620 semper
826 1550 1007 1620 impletur.
1024 1553 1149 1606 -Nam
1167 1553 1284 1608 volun-

212 1645 262 1702 tas
277 1643 385 1698 divina
402 1645 450 1698 est
468 1642 572 1713 prima
584 1655 678 1696 causa
691 1640 889 1704 universalis,
903 1641 936 1694 vi
950 1638 1041 1707 cuius
1057 1654 1164 1697 omnes
1181 1655 1285 1697 caueae

212 1731 356 1788 secundae
371 1730 562 1802 operantum
579 1729 660 1785 unde
674 1729 780 1784 nullus
789 1729 917 1784 effectus
930 1742 999 1784 eam
1008 1729 1111 1799 potest
1125 1730 1283 1799 effugere.

212 1821 298 1878 Licet
310 1820 393 1876 enim
412 1833 514 1875 causae
529 1819 635 1875 liberae
651 1832 749 1873 unum
776 1817 917 1872 ordinem
937 1817 1159 1887 particularem
1175 1818 1286 1888 egredi

213 1909 346 1980 possint,
360 1907 535 1963 necessario
548 1909 654 1962 tamen
669 1907 702 1961 in
717 1906 852 1962 alterum
866 1905 1007 1962 ordinem
1023 1905 1184 1973 incidunt;
1201 1907 1287 1963 unde

214 2011 340 2068 semper
370 1996 485 2051 divinae
517 1995 674 2052 voluntati
707 1994 921 2062 subjiciuntur
949 1995 1034 2059 Quod
1072 1995 1116 2051 sic
1143 1996 1287 2066 explicat

216 2085 245 2140 S.
261 2087 342 2142 Tn:

252 2184 360 2240 Potest
374 2184 456 2240 enim
472 2183 591 2252 aliquid
605 2183 673 2238 fleri
689 2184 781 2238 extra
794 2182 935 2238 ordinem
947 2182 1082 2251 alicujus
1097 2196 1199 2238 causae
1213 2198 1289 2253 par·

216 2256 361 2312 ticularis
375 2255 507 2324 agentis,
524 2269 584 2310 non
600 2256 705 2310 autem
716 2256 807 2309 extra
817 2253 958 2309 ordinem
972 2268 1073 2309 causae
1084 2253 1287 2321 universalis,

217 2327 352 2396 subque
374 2341 482 2382 omnes
505 2340 605 2382 causae
632 2325 838 2395 particulares
862 2325 1182 2394 comprehenduntur.
1198 2327 1287 2390 Quod

215 2398 243 2454 si
257 2398 363 2467 aliqua
392 2411 486 2452 causa
514 2397 717 2467 particularis
745 2395 911 2451 deliciata
935 2409 992 2451 suo
1016 2397 1138 2461 effectu,
1160 2397 1218 2453 hoc
1237 2401 1290 2453 est

216 2470 346 2539 propter
365 2468 500 2537 aliquam
529 2467 623 2522 aliam
649 2482 775 2522 causam
805 2467 1025 2536 particularem
1047 2467 1286 2538 impedientem,

216 2555 285 2610 quae
300 2540 480 2596 continetur
502 2538 559 2594 sub
579 2538 688 2593 ordine
719 2552 819 2592 causae
834 2537 1032 2594 universalis.
1049 2539 1135 2593 Unde
1155 2539 1288 2595 effectus

217 2611 359 2668 ordinem
375 2624 475 2665 causae
500 2610 689 2664 universalis
709 2609 796 2664 nullo
821 2608 912 2663 modo
933 2609 1038 2680 potest
1059 2609 1186 2664 exire...
1208 2611 1286 2665 Cum

218 2682 318 2752 igitur
329 2681 476 2737 voluntas
491 2681 545 2735 Dei
560 2680 602 2735 sit
619 2680 807 2735 universalis
821 2693 915 2734 causa
938 2679 1079 2735 omniurn
1094 2694 1214 2747 rerum,
1230 2681 1290 2735 im-

217 2752 366 2822 possibile
385 2752 529 2820 estquod
552 2751 656 2806 divina
673 2752 818 2807 voluntas
837 2765 929 2806 suum
946 2751 1090 2806 eflectum
1105 2765 1167 2806 non
1183 2765 1290 2807 conse-

217 2823 343 2892 quatur.
354 2823 441 2878 Unde
456 2822 537 2890 quod
550 2824 695 2878 recedere
708 2823 862 2878 videtura
878 2820 986 2876 divina
998 2821 1163 2877 voluntate
1178 2836 1289 2878 secun·

217 2893 292 2949 ddm
314 2907 414 2950 unum
438 2893 590 2958 ordinem,
618 2892 772 2948 relabitur
790 2893 824 2948 in
845 2892 946 2963 ipsam
971 2893 1140 2948 secundum
1163 2893 1289 2949 alium:

217 2964 300 3020 sicut
322 2967 476 3034 peccator,
503 2965 566 3032 qui,
595 2965 747 3033 quantum
780 2964 883 3019 estin
914 2978 957 3027 se,
986 2964 1105 3019 recedit
1132 2977 1152 3018 a
1180 2963 1294 3021 divina

216 3035 379 3092 voluntate
394 3036 549 3105 peccando
563 3036 674 3091 incidit
687 3036 720 3088 in
731 3035 873 3090 ordinem
888 3035 1003 3090 divinae
1017 3035 1202 3097 voluntatis,
1214 3036 1290 3092 dum

215 3121 274 3178 per
291 3107 359 3175 ejus
370 3107 530 3175 iustitiam
546 3108 678 3177 punitur
692 3107 746 3178 (3).

255 3243 335 3296 1114.
362 3240 534 3310 Obieetio.
551 3271 585 3282 -
600 3243 680 3296 Deus
694 3241 765 3296 vult
778 3255 886 3296 omnes
901 3240 1043 3296 homines
1055 3239 1159 3309 justos
1170 3254 1240 3297 esse
1257 3243 1292 3298 et

216 3330 320 3386 salvos
335 3330 414 3394 fieri,
437 3329 507 3384 cum
530 3330 635 3384 tamen
651 3343 714 3384 non
736 3328 828 3399 pauci
843 3329 918 3385 sunt
936 3329 1078 3402 perversi
1094 3330 1126 3385 et
1139 3330 1292 3401 pereunt.

216 3421 296 3487 Ergo
311 3419 460 3474 voluntas
474 3419 526 3473 Dei
542 3433 604 3473 non
623 3432 747 3488 semper
765 3418 926 3488 impletur.

253 3514 344 3587 Hesp.
362 3547 395 3556 -
415 3519 494 3572 Deus
508 3516 579 3572 vult
594 3516 736 3571 homines
745 3516 849 3585 justos
866 3530 933 3573 csse
946 3516 978 3572 ct
992 3517 1096 3572 salvos
1111 3515 1182 3572 fleri
1198 3476 1297 3577 dum·

249 3675 283 3734 (l)
299 3673 383 3733 loia,
401 3690 423 3722 a.
436 3675 461 3723 5.

248 3737 283 3798 (2)
300 3736 342 3788 Cf.
357 3737 436 3792 leid..
452 3751 475 3784 a.
492 3735 516 3784 7.

248 3799 285 3862 (3)
301 3799 336 3856 1³,
354 3815 379 3864 q.
399 3799 437 3856 19,
452 3813 476 3848 a.
486 3797 512 3848 6.
