2910 4568
273 436 374 478 onrur
383 427 595 477 XLV111.-N⁰⁸
604 417 1092 485 822824,825.826,827,828,829.
1183 403 1219 472 57

147 545 395 616 apprehendunt
414 544 575 601 realitates
596 543 778 602 sensibilesl
799 543 874 615 quid
893 544 1069 614 requiritur
1090 543 1127 600 ut
1149 557 1219 600 sen·

143 647 243 690 suum
266 635 484 690 testimonium
506 635 549 690 sit
570 629 714 690 certum?
735 636 800 690 Huc
819 635 963 705 spectant
984 648 1020 690 ea
1047 647 1117 702 quae
1145 633 1219 688 alibi

144 721 210 793 (ep.
229 723 288 793 ιιι)
309 723 392 780 dicta
411 725 486 779 sunt
504 724 542 779 ds
563 721 706 779 sensibus
721 724 875 792 quatenus
898 724 973 779 sunt
996 723 1125 779 criteria
1138 723 1220 778 veri·

142 811 238 868 tatis.
262 813 329 866 Huc
357 813 476 880 spectat
499 811 662 882 speciatim
685 811 846 868 distinctio
869 812 984 881 objecti
1008 811 1164 866 sensibilis
1185 812 1220 866 in

140 897 326 972 proprium,
345 915 509 954 commuue
528 901 560 956 et
574 915 634 973 per
648 898 802 954 occidens.
820 901 969 957 Sensibile
990 901 1156 970 proprium
1171 901 1220 956 est

145 987 307 1056 objectum
324 989 418 1044 unius
433 989 541 1045 sensus
554 1006 561 1042 ε
575 989 621 1046 ita
636 989 752 1056 lumen,
768 1002 875 1044 sonus.
891 987 1041 1044 sensibile
1054 1001 1220 1044 commune

145 1078 199 1132 est
224 1075 382 1144 objectum
403 1079 544 1148 plurium
571 1091 720 1134 sensuum
746 1093 754 1131 ε
780 1077 824 1132 ita
852 1077 1022 1146 quantitas,
1054 1075 1218 1140 dimensio,

145 1163 262 1233 ligura,
278 1178 347 1234 quae
363 1167 458 1222 simul
471 1166 623 1222 videntur
640 1165 673 1222 et
691 1165 875 1234 tanguntur.
896 1164 1046 1220 Sensibile
1064 1178 1121 1234 per
1140 1164 1220 1219 aeci-

145 1251 227 1308 dens
251 1256 300 1310 est
318 1254 495 1324 substantia
516 1271 523 1309 :
546 1254 610 1310 haeo
639 1255 722 1310 enim
747 1268 810 1310 non
832 1254 971 1310 sentitur
995 1253 1055 1309 nisi
1080 1265 1136 1323 per
1162 1265 1220 1308 sua

143 1342 333 1398 accidentia.

183 1433 228 1488 Dc
243 1433 382 1488 sensibili
401 1434 560 1488 communi
579 1432 717 1488 occurrit
729 1433 885 1500 quaestio:
906 1433 1018 1489 Utrbm
1042 1432 1131 1487 visus
1153 1432 1219 1487 ter·

145 1521 228 1576 tiam
245 1521 471 1578 dimensionem
486 1522 661 1592 pereipiatl
675 1524 753 1577 sane
767 1521 885 1577 suffieit
898 1523 935 1577 ut
948 1523 1051 1578 tactus
1065 1521 1221 1592 pereipiat

145 1612 217 1666 tres
233 1610 459 1674 dimensionem
474 1611 585 1667 deinde
598 1612 686 1666 visus
701 1611 861 1682 percipere
876 1611 995 1680 poterit
1006 1610 1112 1678 aliquo
1127 1611 1219 1666 modo

145 1698 305 1756 indirecto
333 1701 460 1755 tertiam
488 1699 725 1764 dimensionem,
755 1700 874 1756 seilicet
897 1713 965 1754 eam
994 1698 1155 1754 inserendo
1181 1711 1220 1754 ex

146 1785 274 1856 figuris,
291 1788 381 1843 lineis
395 1791 426 1844 et
436 1787 604 1844 coloribus
621 1789 658 1844 nt
673 1788 772 1844 multa
788 1792 863 1844 sunt
877 1803 945 1857 quae
960 1788 1017 1844 hoo
1033 1787 1123 1843 modo
1138 1787 1220 1843 indi·

145 1879 249 1944 recto,
269 1875 388 1932 scilicet
411 1880 482 1948 post
502 1877 729 1946 experientiam
753 1877 958 1933 sufficientem
982 1891 1038 1932 seu
1059 1876 1220 1934 educatio·

146 1979 234 2029 nem,
251 1979 360 2021 sensus
373 1965 562 2036 percipiunt.

184 2081 249 2136 827.
271 2079 453 2137 Quomodo
475 2081 684 2138 substantia
708 2088 766 2139 est
784 2083 965 2152 objectum
985 2096 1168 2138 sensuum.
1186 2111 1220 2122 -—

146 2169 294 2225 Diximus
309 2168 517 2226 substantiam
537 2185 604 2226 esse
628 2169 785 2238 objectum
811 2185 960 2226 sensuum
982 2185 1042 2242 per
1065 2169 1219 2235 accidens,

144 2269 205 2314 seu
220 2260 352 2328 propter
365 2273 422 2313 sua
435 2258 618 2314 accidentia.
638 2260 704 2314 Non
724 2259 838 2315 desunt
858 2260 912 2328 qui
931 2258 1125 2314 contendunt
1144 2259 1220 2314 sub-

146 2345 300 2402 stantiam
320 2347 408 2402 nullo
435 2345 525 2402 modo
550 2361 616 2403 esse
639 2347 796 2417 objectum
824 2347 943 2403 sensus.
969 2349 1009 2402 At
1032 2347 1121 2402 salso.
1143 2348 1220 2404 Sane

145 2434 325 2490 substantia
339 2436 505 2501 abstracta,
526 2450 618 2505 quam
639 2435 810 2490 secundam
832 2438 946 2491 vocant
967 2436 1155 2504 scholastici,
1172 2438 1220 2492 est

144 2523 307 2591 objectum
322 2524 511 2590 intellectus,
523 2538 586 2579 non
596 2525 702 2580 autem
714 2524 832 2580 sensus.
850 2525 907 2580 Sed
921 2524 1098 2580 substantia
1109 2521 1220 2596 primo

145 2625 205 2667 seu
220 2613 367 2668 concrete
381 2614 519 2670 sentitur
533 2612 629 2669 simul
642 2627 713 2668 oum
728 2613 939 2669 accidentibus
954 2613 1018 2669 suis
1029 2615 1060 2668 et
1071 2628 1128 2684 per
1142 2615 1221 2670 acci-

145 2701 257 2756 dentia
278 2715 343 2756 sua.
368 2704 438 2756 Haec
454 2703 537 2757 enim
557 2715 620 2757 non
640 2702 782 2758 existunt
797 2715 895 2770 neque
920 2704 1019 2770 agunt
1038 2703 1220 2772 separatim,

145 2789 204 2844 sed
228 2789 261 2843 vi
291 2789 390 2860 ipsius
419 2790 614 2856 substantiae,
635 2804 727 2859 quam
756 2791 887 2862 proinde
913 2791 1129 2846 manifestant.
1158 2794 1221 2849 Hoc

145 2877 279 2933 diffiteri
298 2880 458 2948 nequeunt
480 2880 658 2950 praesertim
683 2880 730 2934 illi
754 2880 808 2949 qui
831 2880 1025 2936 contendunt
1048 2881 1222 2938 accidentia

145 2953 281 3023 realiter
296 2981 358 3022 non
373 2968 499 3024 differre
518 2968 737 3024 asubstantit.

184 3082 249 3136 828.
267 3083 520 3154 cognitionum
537 3084 765 3140 sensibilium
780 3084 1014 3154 imperfectio.
1028 3117 1063 3128 -
1077 3085 1221 3141 ceterum

143 3171 351 3228 concedimus
369 3172 563 3241 cognitiones
584 3173 745 3228 sensibiles
760 3187 829 3242 quae
850 3173 925 3230 solis
946 3174 1089 3230 sensibus
1112 3175 1221 3243 acqui-

145 3261 269 3315 runtur
283 3273 349 3316 esse
364 3261 566 3332 imperfectas
581 3261 682 3316 valde.
704 3263 820 3318 Paucas
838 3253 1034 3318 solummodo
1054 3263 1221 3332 qualitates

143 3362 318 3417 corporum
343 3351 572 3417 cognoscimus,
598 3364 667 3418 quae
694 3349 777 3406 forte
805 3351 879 3406 sunt
900 3352 1029 3408 levioris
1059 3352 1220 3417 momenti,

144 3436 224 3492 licet
243 3439 376 3492 maxime
391 3452 501 3493 sensus
518 3440 642 3494 nostros
656 3439 804 3494 afficiant.
826 3441 911 3510 Saepe
936 3440 1019 3494 enim
1038 3440 1223 3511 experimur

142 3525 342 3582 substantias
357 3541 424 3582 esse
446 3528 574 3582 nocivas
595 3527 646 3582 vel
670 3528 774 3592 utiles,
791 3528 938 3599 pulchras
959 3529 1009 3584 vel
1028 3528 1134 3594 laedas,
1152 3544 1221 3585 mu-

141 3614 225 3669 tatis
240 3615 347 3684 paucis
363 3618 394 3669 et
409 3613 531 3671 levibus
546 3613 769 3671 accidentibus.

178 3737 247 3794 829,
260 3737 516 3794 sensationum
529 3739 745 3808 subjeetum.
755 3769 789 3780 -
800 3741 947 3812 Superest
957 3741 993 3795 ut
1007 3742 1222 3798 screationum

142 3825 237 3882 sedes
252 3825 304 3881 vel
319 3826 496 3896 subjeetum
512 3827 755 3884 determinetur.
780 3829 870 3885 Patet
885 3843 924 3884 ex
937 3829 1029 3886 dictis
1044 3831 1126 3900 quod
1145 3843 1222 3887 sen-
