2902 4548
251 381 305 438 370
740 396 838 438 monn

250 505 357 569 Species
370 513 464 554 autem
478 503 618 554 sensibilis
631 520 688 554 non
705 513 744 554 cst
758 505 817 554 nisi
827 505 1006 568 principium
1030 505 1229 556 immediatum
1244 509 1324 568 (sru-

251 591 308 627 ctns
324 581 464 630 terrorest)
477 585 503 625 et
513 576 636 626 medium
646 577 760 638 (spretus
771 579 915 638 nxrnrssi)
930 577 1029 640 quibus
1039 577 1160 626 sensatic
1168 579 1324 642 perficitur

248 675 269 686 -
296 648 423 697 Senratio
434 656 476 696 est
491 655 570 696 actus
588 647 677 706 ipsius
691 653 788 695 sensus
803 647 853 709 qui
870 648 992 712 percipit
1007 647 1144 708 objectum
1168 664 1256 699 suum
1265 667 1276 709 ,·
1293 677 1324 688 -

249 727 276 769 et
289 727 328 768 est
340 735 402 768 vere
413 717 545 782 counitio.
561 746 592 756 —
612 719 690 770 Unde
713 719 828 768 omnino
845 719 1047 782 distinyuenda
1060 727 1099 768 est
1113 735 1131 767 a
1145 735 1324 784 quocumque

249 799 327 840 motu
340 805 455 839 nervoso
464 790 505 838 vel
515 789 683 838 mechanico.
697 815 725 826 ·-
741 790 820 842 Unde
833 789 919 838 etiam
931 799 970 839 est
984 791 1170 840 essentialiter
1184 792 1325 854 objectiva

247 861 335 910 simul
358 876 390 910 ac
414 860 576 920 subjectiva.
591 887 623 896 -
635 861 751 909 Videtur
769 861 880 909 tandem
890 862 961 924 quod
970 863 1089 911 senectia
1104 877 1161 912 non
1173 863 1205 911 in
1220 865 1325 914 anima

248 933 316 989 tola,
332 947 420 996 rteque
436 933 467 980 in
487 931 675 990 cerebrosus,
695 933 743 980 sed
765 931 796 980 in
817 931 907 980 variis
931 934 1049 994 oceanis
1069 949 1205 982 sensuum
1227 937 1322 1000 perfi-

248 1004 334 1052 citur.

280 1092 333 1143 812.
348 1093 470 1143 &nuntio
496 1090 695 1141 determinatur
715 1092 748 1141 sb
773 1091 886 1155 objecto.
914 1118 945 1128 -
970 1091 1026 1144 813.
1049 1093 1172 1144 Sensutio
1195 1095 1323 1158 procedit

248 1163 333 1213 eimnl
348 1165 381 1213 eb
393 1163 498 1226 objecto
514 1169 541 1212 et
566 1177 581 1212 s
605 1177 745 1212 senem-
767 1162 825 1214 814.
844 1163 1026 1226 Objectionee.
1048 1191 1080 1202 -
1096 1165 1152 1216 815.
1170 1165 1322 1230 Impressio

248 1235 375 1298 organice
390 1249 445 1284 non
466 1241 508 1284 est
531 1235 590 1298 ipen
605 1233 731 1284 senentio.
750 1261 774 1272 —
793 1234 849 1286 816.
871 1234 978 1298 Species
1001 1235 1137 1284 sensibilis
1150 1244 1192 1287 est
1212 1237 1322 1302 princi-

248 1306 325 1370 pium
351 1305 539 1355 immediatum
558 1311 585 1354 et
606 1304 727 1354 medinm
742 1306 913 1356 tensrtionis.
932 1333 963 1342 —
983 1305 1039 1356 817.
1055 1307 1159 1371 Speciei
1176 1309 1323 1362 sensibilis

247 1378 423 1427 characteres.
439 1403 469 1414 -
487 1377 545 1430 818,
564 1376 732 1426 Sensntiouis
747 1375 877 1426 definitio.
893 1405 924 1414 —
937 1377 993 1428 819.
1007 1379 1321 1438 Sensitioestoonnitio.

248 1478 277 1488 -
298 1448 356 1500 820.
375 1449 497 1500 Sensetio
520 1454 640 1498 nonest
663 1454 754 1498 motus
772 1448 958 1500 mechanicus.
989 1477 1009 1486 -
1043 1449 1098 1498 881.
1128 1449 1259 1514 objectio.
1288 1481 1322 1492 —

247 1521 303 1569 822.
319 1519 487 1570 Sensstionis
499 1519 674 1584 objectivitns.
689 1546 720 1556 -
734 1518 791 1568 823.
802 1520 862 1568 Non
876 1520 959 1570 detur
967 1521 1085 1571 senentio
1098 1536 1171 1570 mere
1182 1522 1320 1574 affectiva.

246 1618 278 1628 —
289 1591 344 1641 824.
360 1591 468 1640 Erroris
479 1591 727 1655 subjectivistsrnm
752 1605 842 1640 ceusu.
855 1616 884 1628 -
896 1590 952 1641 825.
965 1593 1132 1642 Sensmionis
1148 1593 1322 1658 objectivitns

248 1669 288 1711 eet
302 1662 430 1714 indubie.
456 1691 483 1700 -
506 1662 564 1712 826.
589 1661 735 1712 Reelitstee
763 1676 824 1726 qnee
859 1662 984 1712 rensibus
1006 1664 1267 1727 apprehenduntur.
1289 1695 1322 1706 -

247 1735 382 1784 &nonum
398 1733 532 1784 educatio.
546 1761 576 1770 —
602 1732 658 1782 827.
684 1733 826 1790 Quomodo
852 1733 1005 1784 substantie
1035 1741 1076 1783 est
1102 1734 1240 1798 objectum
1257 1753 1322 1788 sen-

246 1819 336 1854 suum.
354 1833 382 1840 -
396 1805 452 1854 828.
468 1804 663 1867 Cognitionnm
682 1804 855 1854 sensibilium
876 1804 1055 1868 imperfectio.
1066 1834 1097 1844 -
1108 1805 1166 1856 829.
1184 1811 1322 1860 Sensatio-

247 1890 314 1925 nnm
332 1875 496 1940 subjectum.
510 1903 541 1914 -
553 1875 609 1925 830.
628 1873 757 1939 Objectio.

654 2028 774 2082 CAPUT
794 2028 885 2082 XLIX

246 2155 288 2208 DE
306 2168 436 2208 SENSIBUS
454 2167 587 2206 mutatus
612 2169 646 2206 m
674 2168 823 2207 SPEOIATIM
843 2169 878 2207 DE
898 2143 990 2207 ‘sunsit
1008 2167 1140 2207 OOMMUNI
1160 2169 1224 2208 slvu

280 2249 316 2286 ult
334 2248 517 2288 eonsensum
536 2248 673 2288 SENSIBILI
677 2271 1218 2290 ...............................
1278 2235 1318 2289 58

275 2337 330 2387 831.
343 2339 382 2388 De
398 2339 523 2388 censibus
539 2339 675 2388 internis:
693 2339 830 2404 quomodo
850 2344 916 2388 sunt
938 2337 1075 2402 objectivi.
1090 2368 1122 2375 —
1137 2339 1198 2392 832.
1220 2342 1318 2391 Seusa-

244 2409 351 2458 tionnm
366 2410 537 2459 internarum
553 2416 580 2458 et
595 2409 712 2459 eliorum
727 2409 902 2460 affectionum
912 2409 1070 2473 implicatio.
1084 2410 1198 2460 Materia
1207 2411 1236 2460 in
1245 2425 1319 2475 prse-

244 2481 314 2530 senti
329 2482 476 2532 tractanda.

274 2573 381 2621 Tnnsm.
391 2598 419 2608 -
431 2571 474 2620 Aa
484 2579 605 2634 quatuor
621 2579 787 2619 revocantur
801 2585 895 2618 omnes
904 2569 1037 2632 potentiue
1050 2571 1192 2620 sensibiles
1202 2586 1318 2634 capnos-

244 2643 333 2692 citicce
350 2651 375 2690 et
399 2643 527 2697 interna,
544 2657 605 2704 quoe
625 2641 666 2690 sic
688 2650 903 2690 numerantur:
922 2641 948 2688 1⁰
961 2657 1059 2690 sensus
1073 2643 1230 2690 communis
1252 2645 1318 2708 (qni

174 2727 177 2733 ·
245 2713 347 2760 dicitnr
362 2711 442 2760 etiam
457 2711 623 2762 conscientie
646 2711 784 2762 sensibilis
800 2711 842 2760 vel
864 2711 987 2762 absolute
1004 2726 1099 2761 sensns
1116 2712 1268 2776 internus);
1284 2743 1318 2754 -

242 2784 270 2832 2⁰
285 2783 468 2844 imayinatim·
479 2810 509 2819 -
520 2783 549 2831 3⁰
572 2783 749 2839 oestimativa,
772 2798 834 2846 quoe
848 2792 888 2832 est
902 2783 1039 2846 quoddam
1047 2783 1195 2844 judicium
1216 2789 1318 2848 parti-

242 2855 340 2905 culare
353 2869 388 2902 ecc
414 2855 605 2915 instinctu3—
614 2855 641 2902 4⁰
656 2855 793 2903 memoria
805 2855 954 2903 sensibilis.
966 2881 996 2890 -
1005 2854 1187 2916 istiquatuor
1201 2871 1316 2919 sensus,

242 2932 307 2975 cum
324 2926 355 2974 in
372 2926 482 2974 bomine
500 2925 632 2988 potentiis
649 2926 828 2975 intellecticis
847 2933 1021 2982 moveantur,
1039 2926 1077 2974 ibi
1098 2923 1204 2974 munus
1231 2929 1317 2977 nobi-

243 2997 300 3045 lius
307 3005 460 3060 proestant;
471 2997 518 3044 sed
529 2995 561 3044 in
572 2997 747 3045 animalibus
765 2998 801 3045 ad
815 3012 886 3045 nova
899 3006 925 3045 et
938 2996 1086 3045 mirabilia
1099 3011 1182 3058 opera
1198 3002 1318 3050 ostendi

238 3075 366 3131 possunt.
384 3095 416 3104 -
440 3067 516 3122 Quod
538 3068 574 3116 ad
595 3083 709 3116 sensum
734 3082 907 3116 communem
928 3068 1037 3124 attinet,
1054 3076 1094 3116 est
1105 3069 1233 3130 potentia
1253 3071 1317 3119 dis·

243 3140 339 3196 tincta,
357 3167 388 3174 —
402 3139 457 3200 qud
469 3138 660 3200 coenastimus
674 3153 730 3188 non
744 3139 837 3187 solum
848 3147 959 3186 nostras
974 3139 1152 3197 remotiones,
1165 3141 1212 3188 sed
1225 3141 1318 3191 etiam

243 3218 372 3258 nostrum
388 3224 504 3271 corpus;
516 3236 548 3244 -
564 3209 627 3268 ejus
645 3211 821 3265 exercitium,
835 3211 943 3258 naturci
957 3210 1019 3265 suti,
1035 3225 1090 3257 non
1111 3213 1247 3260 antecedit
1268 3215 1319 3262 secl

238 3281 333 3345 potins
346 3281 524 3342 consequitur
538 3281 725 3342 operationem
739 3296 873 3330 sensuum
889 3288 1071 3329 externorum
1076 3297 1086 3340 ‚·
1102 3281 1211 3341 -ejus
1225 3285 1315 3343 sedes,

238 3352 409 3414 principalis
420 3352 529 3409 saltem,
543 3353 575 3400 in
589 3353 698 3402 cerebro
711 3368 766 3402 esse
783 3352 902 3410 videtur.
990 3352 992 3357 ’

272 3440 326 3489 833.
335 3441 470 3490 Sensnnm
480 3439 652 3490 internorum
662 3441 768 3491 divisio.
775 3469 805 3476 —
813 3441 866 3490 834.
877 3441 1012 3491 Senonum
1023 3440 1196 3491 internorum
1207 3457 1315 3494 munus

240 3511 269 3560 in
287 3511 405 3561 homine.
424 3539 452 3548 -
473 3511 529 3560 835.
552 3511 591 3560 De
609 3511 734 3561 sensibus
755 3512 871 3561 internis
891 3513 965 3576 apud
985 3511 1125 3564 animalis.
1143 3540 1176 3549 —
1193 3512 1248 3564 836.
1272 3515 1315 3565 De

240 3597 322 3630 sensu
335 3583 484 3632 communi.
495 3609 525 3620 -
535 3582 590 3632 837.
606 3582 774 3634 Notandum.
790 3610 820 3622 -
830 3583 885 3632 888.
901 3583 1020 3634 Reflexio
1030 3589 1056 3632 et
1070 3584 1237 3633 conscientia
1251 3600 1314 3636 sen-

238 3653 335 3702 sibilis.
351 3682 378 3691 -
393 3653 448 3703 839.
465 3653 605 3711 Quomodo
616 3668 715 3718 corpus
728 3660 768 3702 est
782 3652 917 3718 objectum
932 3655 1105 3704 conscientiae
1119 3655 1269 3706 sensibilis.
1281 3683 1312 3695 -

238 3723 292 3772 840.
311 3724 410 3774 Utriim
433 3725 462 3772 id
479 3725 552 3790 quod
577 3724 665 3788 primb
685 3725 803 3774 sentitur
820 3725 856 3774 eit
874 3739 973 3792 corpus
995 3725 1098 3789 ipsum.
1119 3751 1149 3763 -
1166 3725 1222 3776 841.
1236 3727 1311 3778 Ani-

239 3794 388 3845 madversio
402 3796 432 3846 in
446 3795 629 3846 Rosminium.
644 3825 675 3832 -
689 3795 744 3848 842.
759 3795 797 3845 De
815 3796 877 3846 sede
888 3797 1061 3846 conscientiis
1076 3797 1227 3850 sensibilis.
