2910 4568
226 394 262 450 78
659 405 875 447 rsvcuonocm

225 517 324 572 lectus
337 517 369 572 in
384 517 522 586 seipsum
537 517 593 572 aut
607 516 640 570 in
653 515 830 585 subjectum
845 514 1014 571 redeuntis.
1031 514 1227 571 Conscientia
1241 529 1299 570 au·

225 607 289 662 tem
301 606 418 662 dieitur
432 603 566 661 moralis
580 604 631 660 vel
638 602 861 677 pspctolope'ea,
871 603 1252 674 proutaotnsconsiderat
1261 603 1296 659 in

225 695 336 765 seipsis
351 696 402 750 vel
416 695 449 749 in
465 693 574 750 ordine
589 693 628 750 ad
644 707 757 750 mores.
769 692 982 762 Distinguitur
993 692 1089 748 etiam
1102 689 1294 762 synderesis,

225 799 294 854 quae
309 784 358 840 est
371 783 460 851 qnasi
472 782 664 839 conscientia
685 782 855 839 habitualis
868 781 1045 853 primorum
1065 782 1296 853 principiorum

226 873 426 936 moralitatis,
442 871 705 940 quemadmodum
715 869 890 926 intellectus
905 870 1023 926 dicitnr
1036 871 1221 940 quandoque
1236 870 1295 927 ha-

225 961 309 1018 bitus
329 961 485 1018 naturalis
508 961 683 1030 primorum
706 960 946 1032 principiorum,
972 960 1005 1015 iu
1020 959 1130 1016 ordine
1153 961 1294 1031 specula·

226 1052 293 1107 tivo
305 1051 357 1121 (l).

262 1185 324 1241 876.
341 1185 474 1240 Utrum
487 1184 693 1240 intellectus
707 1185 759 1240 sit
772 1197 915 1254 semper
928 1185 987 1239 sui
1000 1184 1188 1240 conscius?
1199 1183 1298 1241 vltae

226 1275 339 1331 animi
366 1273 597 1330 continuitas.
624 1305 657 1314 -
681 1276 723 1329 De
751 1272 941 1329 conscientia
967 1274 1106 1329 occurrit
1132 1273 1296 1342 qnaestio:

226 1365 339 1419 Utrum
355 1363 534 1418 intellectus
554 1363 596 1418 sit
609 1363 751 1418 conscius
766 1363 908 1417 omnium
923 1376 1054 1417 suorum
1072 1364 1222 1419 actuumi
1236 1362 1300 1418 Alii

228 1453 395 1517 affirmant,
412 1451 466 1506 alii
486 1453 610 1520 negent.
634 1451 768 1522 Expedit
786 1452 892 1506 autem
913 1451 1107 1521 distinguere
1134 1451 1299 1508 conscien-

227 1542 305 1597 tiam
320 1539 509 1596 habitualem
533 1541 565 1595 et
587 1540 810 1595 conscientiam
834 1538 1000 1594 actualem.
1026 1540 1104 1596 Sane
1119 1540 1299 1597 intellectus

227 1632 275 1686 est
288 1629 431 1686 conscius
446 1629 495 1685 sui
510 1631 542 1684 et
556 1642 686 1684 suorum
701 1631 827 1685 actuum
841 1627 1044 1685 habitualiter
1057 1643 1113 1685 seu
1126 1629 1280 1699 implicite
1292 1645 1300 1695 ;

227 1734 300 1774 nam
317 1719 400 1774 redit
421 1719 453 1772 in
478 1718 617 1790 s'eipsum
642 1718 841 1782 naturaliter,
858 1717 909 1774 vel
932 1718 1027 1773 etiam
1045 1717 1204 1788 obJ‘ectum
1225 1733 1299 1774 cum

227 1809 329 1878 seipso
345 1808 440 1863 simul
451 1806 673 1878 apprehendit;
686 1806 739 1862 sed
754 1806 952 1877 experientis
964 1809 1088 1864 constat
1102 1821 1165 1862 non
1179 1821 1299 1878 pancos

227 1899 316 1953 actus
329 1897 551 1952 conscientiam
571 1897 725 1950 actualem
748 1896 895 1964 effugere.
916 1896 976 1950 Nec
997 1896 1066 1951 ideo
1090 1895 1162 1952 licet
1180 1909 1296 1968 suppo·

227 2001 302 2042 nere
320 1986 352 2040 in
372 1985 479 2040 anima
499 1985 693 2040 intellectiva
715 1985 852 2053 aliquam
878 1985 976 2040 vitam
1001 1985 1069 2041 sine
1092 1983 1295 2049 conscientia,

227 2075 360 2130 durante
375 2087 495 2136 somno,
507 2088 555 2129 ex.
571 2087 631 2142 gr,
643 2077 699 2128 aut
714 2073 808 2130 etiam
823 2075 896 2128 ante
911 2074 990 2128 hanc
1002 2074 1101 2129 vitem
1118 2074 1295 2138 mortalem,

133 2157 136 2160 ’
229 2166 265 2220 ut
281 2163 433 2234 putabant
447 2162 616 2234 platonici:
639 2154 704 2218 he'ec
724 2163 807 2218 enim
832 2165 907 2218 sunt
928 2163 1160 2218 commenticia.
1187 2162 1245 2218 Sed
1270 2165 1299 2219 si

227 2254 334 2323 agitur
348 2252 384 2308 de
398 2251 465 2306 viti.
479 2250 631 2306 sensitivil
645 2252 713 2307 sine
724 2251 925 2318 conscientiis,
942 2252 1039 2320 hujus
1053 2251 1126 2308 vitae
1142 2252 1298 2308 continui·
1328 2325 1330 2330 Ι

228 2346 276 2398 tas
292 2356 352 2398 non
368 2341 495 2397 videtur
508 2353 696 2410 repugnare,
708 2341 761 2396 sed
776 2340 987 2396 demonstrari
1003 2341 1120 2410 nequit.
1134 2342 1198 2396 lmo
1213 2341 1300 2397 vide·

228 2443 282 2488 tur
299 2429 526 2502 improbabilis.
543 2430 620 2484 Nam
642 2429 738 2485 etiam
760 2430 828 2486 vita
846 2429 993 2499 organica
1016 2428 1050 2484 iu
1069 2430 1141 2484 actu
1161 2429 1297 2485 secundo

227 2521 374 2591 suspendi
389 2519 491 2588 potest
506 2518 547 2588 (v.
564 2533 611 2588 cp.
626 2518 709 2587 xn1);
725 2531 800 2587 ergo
817 2533 836 2573 a
850 2518 976 2573 fortiori
992 2517 1140 2589 impediri
1161 2520 1299 2589 possunt

228 2624 334 2666 omnes
350 2607 548 2678 operationes
563 2607 638 2662 vuae
653 2607 822 2663 sensitiva.

263 2743 328 2798 877.
345 2743 518 2812 obiectio.
531 2743 690 2798 —contra
705 2742 858 2797 unitatem
874 2741 1063 2806 intellectus,
1080 2743 1235 2810 quatenus
1248 2744 1302 2799 est

229 2832 371 2904 potentia
385 2830 590 2900 intelligendi,
605 2830 650 2886 sic
671 2829 844 2899 objiciunt:
865 2829 1044 2886 Intellectus
1068 2829 1184 2886 multos
1206 2831 1239 2886 et
1253 2831 1301 2887 di·

228 2934 336 2976 versos
352 2919 477 2976 habitus
491 2919 651 2991 suscipere
668 2918 782 2989 potest,
798 2918 922 2989 qui-per
935 2918 1093 2988 obJectum
1117 2917 1301 2990 specifican-

229 3011 293 3076 tur,
314 3009 397 3066 sicut
408 3009 483 3080 ipsae
498 3009 660 3079 potentiae.
674 3009 754 3076 Ergo
765 3007 872 3062 eadem
888 3007 937 3062 est
948 3005 1116 3064 diversitas
1131 3008 1298 3065 habituum

230 3101 262 3155 et
281 3099 505 3170 potentiarum.
521 3100 618 3154 Porro
642 3096 882 3164 distinguuntur
903 3095 1027 3152 habitus
1052 3097 1240 3168 speculativi
1266 3099 1300 3152 et

230 3188 356 3245 habitus
370 3187 513 3258 practici,
529 3185 679 3250 scientiae,
698 3185 845 3249 virtutes,
869 3189 964 3248 artes,
985 3185 1043 3241 etc.
1060 3186 1181 3241 Pariter
1196 3185 1300 3256 igitur

229 3275 443 3346 distinguendi
458 3276 533 3332 sunt
546 3274 723 3331 intellectus
748 3273 958 3343 speculativus
973 3276 1005 3332 et
1019 3275 1198 3332 intellectus
1210 3289 1303 3346 prac-

229 3369 321 3432 ticus,
337 3367 397 3422 etc.

266 3461 356 3535 Resp.
369 3494 403 3503 -
416 3463 469 3532 Obj
475 3463 577 3518 ectum
590 3461 722 3517 formale
737 3461 952 3532 potentiarum
964 3463 1012 3518 cst
1026 3461 1122 3518 latius
1136 3474 1231 3550 quam
1243 3462 1300 3518 ob-

225 3553 347 3623 jectum
365 3552 541 3607 habituum.
569 3553 623 3606 lix.
646 3565 694 3620 gr.
716 3565 828 3606 verum
857 3552 906 3606 est
928 3549 1085 3619 objectum
1104 3550 1299 3621 intellectus,

230 3644 345 3699 bonum
361 3640 539 3696 universale
551 3641 600 3696 cst
609 3640 765 3710 objectum
776 3639 960 3703 voluntatis,
972 3639 1046 3694 dum
1057 3639 1213 3711 principia
1224 3641 1300 3712 plus

264 3820 300 3881 (l)
317 3817 357 3869 cf.
371 3817 398 3867 s
414 3817 474 3874 nn..
486 3816 563 3880 insu,
578 3833 604 3867 ι.
623 3816 653 3866 12
664 3822 692 3866 a
703 3815 744 3869 13.
