2790 4546
220 361 274 423 270
629 381 681 422 sus
700 379 872 420 nuncnunc

231 509 234 514 ·
256 489 346 564 Hesp.
365 522 398 531 -
413 491 480 546 Non
495 491 564 562 ipsa
583 489 717 562 pecunia
738 487 919 552 fructificat,
934 489 988 544 sed
1006 502 1090 558 ager,
1109 489 1160 544 vel
1180 490 1281 546 domus

220 583 270 638 vel
285 581 347 638 alia
369 579 526 648 eiusmodi
548 594 617 649 quae
632 577 766 649 pecunia
783 577 942 632 emuntur.
964 577 1051 634 Unde
1072 578 1192 635 silicet
1213 579 1283 634 acci-

219 685 294 741 pere
309 683 439 726 usuram
455 683 495 725 ex
507 667 641 741 pecunia
656 664 863 730 commodata,
881 666 939 722 hoc
955 667 1003 722 est
1016 667 1148 738 propter
1162 667 1281 724 titulum
1361 725 1363 732 ,

223 760 333 815 mutuo
349 758 576 815 extrinsecum.

255 851 288 902 20
316 850 411 916 Leges
439 847 557 910 civiles,
587 846 650 900 imo
679 847 761 915 leges
795 845 1024 910 ecclesiasticae,
1058 847 1281 916 perceptionem

223 951 327 993 usurae
342 937 510 991 moderatae
529 935 730 1006 permittunt.

257 1025 349 1098 Raap.
376 1055 410 1066 —
442 1025 537 1092 Leges
564 1025 673 1080 civiles
706 1024 897 1096 permittunt
926 1037 1031 1079 usurae
1058 1024 1281 1094 perceptionem

222 1115 352 1186 propter
365 1114 476 1170 titulos
494 1113 703 1176 extrinsecos;
728 1127 817 1169 secus
832 1112 936 1168 essent
948 1113 1075 1182 injustae
1091 1114 1124 1169 et
1137 1112 1281 1168 invalide.

223 1202 358 1259 Ecclesia
373 1204 478 1258 autem
496 1201 611 1258 tolerat
626 1201 732 1272 potius
751 1202 845 1270 quam
860 1202 1019 1273 permittit
1033 1202 1064 1257 et
1078 1202 1234 1272 approbat.

259 1338 339 1402 1286.
362 1335 543 1394 Quomodo
566 1350 689 1391 usurae
712 1335 896 1406 perceptio
918 1335 963 1390 rit
987 1335 1161 1406 legitime.
1184 1366 1215 1376 -
1233 1336 1283 1390 Ra·

223 1429 324 1483 tiones
339 1428 415 1481 vero
431 1425 497 1480 sive
521 1424 607 1480 tituli
628 1425 796 1480 extrinseci
820 1424 933 1493 quibus
949 1439 1054 1480 usuras
1075 1425 1229 1495 perceptio
1251 1423 1283 1478 iit

224 1515 366 1584 legitima
389 1514 598 1568 numerantur
626 1515 783 1582 quatuor:
812 1516 840 1565 1⁰
860 1511 1026 1566 Damnum
1051 1527 1207 1584 emerpens
1234 1527 1282 1568 seu

224 1605 449 1660 detrimentum
478 1603 559 1670 quod
583 1602 706 1673 patitur
736 1605 883 1658 mutuans
903 1603 1065 1658 occasione
1090 1602 1191 1658 mutui
1211 1601 1282 1671 quod

223 1692 389 1764 praestitit;
407 1721 439 1732 -
455 1692 485 1744 2⁰
506 1689 645 1744 Lucrum
669 1705 804 1756 cessans,
828 1691 947 1748 scilicet
970 1690 1002 1744 id
1029 1691 1109 1757 quod
1138 1691 1282 1752 mutuans,

223 1781 378 1838 servando
405 1781 533 1844 sortem,
559 1780 700 1836 lucratus
729 1779 857 1848 fuisset3
881 1809 915 1818 -
934 1781 964 1834 3⁰
979 1777 1163 1834 Periculum
1189 1776 1281 1840 sortis,

224 1870 343 1926 scilicet
361 1869 459 1924 timor
477 1869 585 1938 justus
609 1883 647 1924 ne
670 1881 738 1924 sors
761 1869 944 1939 recuperari
964 1870 1116 1936 nequeat3
1134 1899 1169 1908 —-
1187 1869 1215 1922 4ο
1228 1865 1282 1920 Len

224 1955 336 2020 civitio,
360 1973 428 2026 quae
457 1973 562 2012 usurae
587 1957 820 2028 perceptionem
850 1958 1016 2026 permitiit.
1041 1949 1175 2012 Additur
1199 1957 1281 2012 etiam

225 2061 316 2100 omna
339 2043 596 2111 conventionalia,
613 2059 681 2114 qnae
699 2046 844 2101 consistit
854 2045 886 2100 in
907 2046 965 2102 hoc
985 2045 1067 2114 quod
1083 2045 1282 2101 mutuatarius

225 2152 258 2192 se
280 2137 398 2205 obligat
425 2137 463 2191 ad
491 2137 675 2192 solvendum
698 2137 815 2205 aliquid
840 2151 936 2207 supra
959 2138 1088 2200 sortem,
1105 2137 1132 2191 si
1157 2139 1282 2206 tempore

225 2226 345 2282 statuto
361 2225 448 2280 iilam
464 2239 526 2280 non
541 2225 703 2280 restituat.

261 2314 382 2370 Titulus
396 2317 501 2369 autem
525 2314 602 2382 legis
617 2314 720 2369 civilis
738 2329 756 2368 a
777 2313 922 2384 pluribus
941 2314 987 2369 ita
1006 2314 1184 2384 explicatur
1205 2314 1282 2382 quasi

226 2403 397 2458 auctoritas
409 2403 523 2466 civilis,
535 2403 572 2457 ad
584 2402 752 2458 fovendum
764 2403 998 2468 commercium,
1009 2406 1116 2473 posset
1126 2403 1282 2460 transferre

226 2493 330 2561 aliqua
352 2493 432 2546 bona
459 2491 657 2546 subditorum
680 2491 717 2546 de
737 2507 799 2546 uno
813 2492 846 2546 in
866 2493 973 2547 alium.
1001 2493 1058 2547 Sed
1081 2493 1163 2548 sorte
1185 2491 1281 2547 meliis

226 2581 344 2636 dicitur
370 2581 469 2650 quod,
495 2581 624 2636 attentis
651 2581 899 2636 circumstantiis
926 2583 1121 2650 temporum,
1151 2579 1281 2651 inprimis

227 2670 378 2725 facilitate
394 2669 574 2738 negotiandi
590 2671 621 2724 et
636 2669 851 2724 commutandi
866 2669 1031 2739 pecuniam
1043 2683 1100 2740 pro
1112 2669 1199 2726 bonis
1212 2668 1282 2723 iruc·

227 2757 339 2822 tueris,
359 2758 474 2812 adsunt
488 2758 700 2813 communiter
714 2757 800 2813 tituli
820 2758 990 2814 extrinseci
1007 2758 1046 2812 ad
1066 2756 1280 2828 percipiendam

228 2859 368 2900 usuram.
391 2847 478 2902 Unde
499 2847 642 2917 potestas
669 2846 772 2901 civilis
796 2847 1007 2902 determinare
1033 2848 1139 2916 potest
1166 2857 1279 2902 usuram

229 2935 370 3004 legitime
389 2926 630 3005 percipiendam.
648 2935 735 2998 Hinc,
757 2935 879 2998 saltem,
894 2935 999 3004 aliquo
1021 2935 1123 3000 mod0‚
1144 2933 1282 3004 explican-

229 3025 284 3079 tur
298 3024 375 3093 jura
389 3038 456 3092 quae
473 3024 565 3078 hodie
579 3023 765 3078 tribuuntur
780 3023 868 3078 bonis
888 3037 956 3091 quae
974 3024 1125 3078 dicuntur
1138 3021 1280 3093 capitana,

229 3114 279 3168 vel
302 3113 409 3182 potius
434 3113 473 3167 iis
498 3113 551 3180 qui
575 3112 664 3167 bonis
686 3111 842 3180 ejusmodi
864 3111 1029 3168 fruuntur.
1054 3113 1112 3168 Sed
1134 3113 1196 3167 haee
1218 3110 1282 3179 jmn

228 3201 441 3272 componenda
467 3203 540 3256 sunt
569 3215 639 3255 cum
660 3201 787 3269 jnribus
816 3200 942 3266 laboris,
968 3201 999 3255 id
1023 3203 1081 3269 est,
1107 3213 1212 3256 eorum
1237 3194 1281 3265 qui

228 3290 365 3346 laborem
381 3304 473 3345 suum
489 3290 602 3345 locant.

267 3415 343 3470 1287.
365 3415 502 3484 Regula
513 3414 693 3484 generalis
704 3415 747 3470 de
767 3415 911 3485 juribus
921 3415 1090 3485 capitalis
1105 3419 1143 3471 et
1151 3412 1281 3470 laboris.

230 3506 377 3559 —Porro
394 3504 483 3560 nobis
499 3505 627 3559 videtur
651 3505 732 3573 quod
752 3505 827 3573 jnra
846 3506 989 3574 capitalis
1011 3505 1148 3577 (capital)
1165 3505 1194 3560 et
1208 3503 1285 3558 labo-

230 3593 275 3647 ris
289 3593 427 3662 (travail)
452 3594 526 3648 sunt
547 3592 690 3662 aequalia,
717 3594 871 3662 quatenus
894 3609 930 3648 ea
955 3595 1034 3649 bona
1058 3609 1126 3662 quae
1150 3591 1285 3650 dicuntur

232 3681 379 3752 capitalia
403 3683 434 3737 et
457 3683 598 3760 nonnisi
625 3696 682 3753 per
706 3682 843 3738 laborem
865 3682 1058 3738 fructificant
1073 3683 1159 3753 (agri,
1174 3679 1283 3736 instru-

234 3769 349 3837 menta,
375 3771 535 3834 machinae,
560 3772 618 3826 etc.
645 3771 779 3841 pecunia
806 3770 866 3840 qua
893 3772 998 3827 omnia
1020 3772 1112 3828 utilia
1139 3766 1280 3828 emunturt
