2790 4546
254 393 354 435 01111
372 393 497 434 1111-
516 387 566 432 Nos
584 375 838 443 1151,1152,1153,
851 371 1017 439 11511155.
1118 369 1169 425 201

109 504 180 558 tum.
195 505 251 560 lus
264 503 367 558 eutem
384 501 470 557 eliud
487 502 536 557 est
550 499 748 554 individuale
763 498 857 571 (quod
872 497 991 569 triplex
1006 493 1172 563 distingui-

109 593 178 646 tur:
194 606 271 660 erge
285 594 393 656 Deum,
411 605 486 661 erge
496 589 649 661 seipsum,
663 603 738 657 erge
760 588 838 643 elios
854 585 1018 655 homines).
1038 584 1070 639 et
1084 581 1172 638 uliud

8 683 10 734 1
110 677 216 736 sociale
231 681 326 749 (quod
339 679 434 735 etiem
448 677 565 750 triplex
581 678 798 747 distinguitur,
817 676 913 747 prout
927 673 1055 744 respicit
1068 673 1173 728 socie-

110 769 200 825 tatem
215 769 418 826 domesticam
440 783 495 824 seu
518 767 682 832 familiam,
700 767 750 822 vel
775 765 958 822 societatem
975 763 1110 826 civilem,
1123 761 1174 816 vel

8 857 9 922 Ϊ
110 858 283 914 societatem
299 857 501 928 religiosam).

142 948 236 1002 Porro
251 946 375 1002 morulis
390 946 533 1017 specialis
552 947 600 1001 est
621 945 839 1016 inseparabilis
859 957 877 998 e
902 941 1013 997 moreli
1032 939 1172 1009 generali

8 1017 10 1092 ᾗ
111 1035 140 1089 11
153 1035 213 1104 qua
233 1034 399 1090 tundatur.
424 1035 510 1091 Unde
530 1034 663 1090 Kentius
679 1047 741 1089 non
757 1033 864 1089 debuit
885 1031 1044 1100 assignare
1066 1024 1172 1082 etbicce

112 1125 252 1193 tunquam
288 1123 358 1194 ejus
389 1122 558 1192 objectum,
597 1123 739 1179 ordinem
767 1121 927 1177 internum
964 1115 1172 1181 solummodo,

8 1209 10 1266 ἒ
108 1210 173 1282 juri
199 1213 304 1268 autem
333 1212 474 1268 ordinem
505 1215 680 1268 externum.
711 1211 791 1266 Ordo
824 1209 906 1266 enim
931 1209 1079 1263 externus
1111 1219 1173 1259 101

112 1302 155 1356 011
173 1301 299 1362 morulis
314 1301 375 1356 nisi
392 1303 522 1372 propter
541 1301 682 1356 ordinem
703 1301 862 1356 internum
879 1299 910 1353 et
925 1294 1147 1356 conscientiam
1165 1307 1173 1357 ;

112 1403 148 1444 ex
162 1389 217 1446 boc
230 1390 317 1446 fonte
334 1390 439 1445 omnia
447 1390 524 1458 jure
538 1391 570 1444 et
581 1389 683 1445 officia
697 1388 814 1444 directe
829 1387 880 1442 vel
894 1385 1045 1441 indirecte
1060 1383 1174 1438 oriun-

113 1478 169 1534 tur.
481 1493 484 1501 ¹

146 1603 220 1658 1151.
253 1602 392 1658 Desine
413 1603 550 1658 ultimo.
570 1631 603 1641 -
624 1602 728 1657 Primo
748 1601 848 1670 igitur
868 1599 1022 1668 egendum
1056 1597 1103 1652 est
1133 1595 1170 1650 de

115 1691 168 1747 line
186 1693 296 1748 ultimo
321 1693 466 1748 bumenee
488 1692 573 1757 vitae,
599 1707 654 1746 seu
678 1692 715 1746 de
739 1692 819 1746 bono
841 1704 988 1760 supremo
1015 1687 1097 1756 quod
1121 1686 1169 1741 est

9 1787 10 1832 1
113 1781 202 1836 totius
217 1781 404 1838 moralitatis
414 1781 617 1852 principium.

144 1890 260 1945 Tussis.
275 1917 310 1929 -
325 1887 442 1943 Omnes
466 1889 552 1942 actus
575 1886 709 1942 humani
734 1889 807 1941 sunt
828 1889 955 1958 propter
975 1883 1083 1957 finem,
1113 1897 1171 1952 quo

113 1978 326 2048 specificantur
347 1975 383 2031 in
395 1975 506 2031 ordine
522 1975 645 2032 morati.
662 2008 695 2016 —
716 1975 810 2030 Fines
839 1981 945 2030 antem
958 1972 1170 2046 particulares

113 2063 295 2122 ordinantur
314 2081 422 2121 omnes
444 2065 486 2120 ad
505 2065 655 2121 ultimum
674 2064 781 2136 finem,
805 2064 922 2134 quiesi
946 2060 1101 2118 beatitudo
1116 2077 1170 2115 seu

111 2154 258 2224 perfectio.
277 2185 310 2195 -
332 2155 434 2209 Porro
447 2153 603 2210 beatitudo
626 2171 700 2208 cera
722 2170 785 2207 non
799 2157 843 2208 est
867 2151 902 2207 in
926 2149 1057 2216 divitiis,
1074 2166 1172 2220 neque

10 2237 11 2282 ἐ
113 2240 144 2296 in
157 2242 327 2310 bonoribus,
347 2242 413 2298 sinc
433 2243 467 2297 in
487 2243 597 2315 pierii,
619 2259 716 2314 neque
735 2243 770 2296 in
795 2240 880 2296 bonis
902 2238 1039 2313 corporis
1063 2242 1118 2294 aut
1134 2237 1170 2292 in

113 2330 259 2404 voluptate
277 2330 431 2387 sensibili.
459 2363 492 2374 -
521 2331 582 2387 Sea
605 2330 807 2386 beatitudinis
829 2330 980 2401 objectum
1004 2325 1170 2383 invenitur

10 2409 14 2483 1
114 2421 195 2476 entra
216 2420 325 2494 ipsum
347 2420 506 2476 hominem
528 2423 558 2476 et
581 2419 615 2476 in
633 2421 696 2476 solo
717 2419 790 2485 Deo,
816 2437 905 2490 qiiem
929 2419 1018 2472 bomo
1043 2414 1169 2486 attinpit

11 2573 12 2584 .
115 2508 285 2581 capnilionc,
301 2513 332 2564 el
347 2509 445 2565 eliam
460 2508 581 2566 cisione
592 2507 745 2565 intuitioni
759 2508 788 2564 si
802 2507 907 2581 apitur
926 2507 962 2562 dc
978 2505 1170 2561 beatitudine

11 2657 12 2676 ἶ
114 2597 351 2670 supernaturali.
367 2629 402 2640 -
418 2597 528 2654 Cetera
543 2598 622 2653 bona
634 2615 698 2652 non
725 2601 799 2652 sient
814 2597 877 2652 nisi
892 2595 996 2652 media
1007 2597 1062 2650 aut
1077 2594 1173 2666 effec-

11 2683 13 2768 .
116 2688 157 2740 tur
171 2688 217 2743 cel
230 2688 489 2760 complementum
511 2690 651 2760 respectu
665 2687 759 2760 liujus
776 2685 847 2743 toni
862 2685 1012 2759 supremi.
1030 2715 1063 2727 -
1085 2683 1171 2740 Unde

117 2773 259 2832 beatitudo
268 2777 408 2850 perfecta
423 2777 486 2832 non
507 2779 552 2832 est
575 2775 610 2830 in
632 2777 686 2831 boc
705 2776 833 2842 mundo,
850 2774 919 2832 licet
939 2773 982 2828 ibi
995 2775 1076 2846 forte
1092 2771 1170 2828 bona

12 2919 13 2924 .
119 2864 199 2920 malis
214 2866 302 2938 lonpc
312 2867 466 2939 praestare
480 2865 660 2920 videantur.

149 2999 220 3055 1155.
242 3000 375 3056 Omnes
385 3004 489 3056 actus
501 3001 650 3056 humani
661 2999 734 3056 line
748 3001 1016 3070 specificantur.
1033 3028 1067 3036 -
1082 2999 1169 3060 Nem,

12 3067 13 3124 3
118 3087 177 3142 cbm
192 3091 279 3145 ectus
294 3089 424 3144 humani
439 3089 477 3143 ab
492 3087 655 3144 intellectu
674 3091 706 3144 et
729 3089 893 3144 voluntate
913 3087 1093 3158 procedent,
1111 3099 1172 3138 non

119 3173 187 3232 11111
201 3193 284 3239 cusu.
301 3179 354 3234 sed
369 3177 543 3233 necessario
559 3178 596 3232 ab
611 3178 917 3245 egenteordinentur
930 3177 969 3231 ed
984 3175 1077 3230 finem
1088 3188 1173 3244 prae·

119 3267 274 3333 cognitum.
298 3271 416 3322 Bonum
441 3267 524 3322 eni'm
558 3267 606 3322 est
627 3266 698 3322 finis
723 3267 754 3322 et
778 3266 933 3334 obJectum
962 3263 1170 3320 necessarium

118 3355 287 3412 voluntatis.
308 3357 367 3412 Sed
385 3355 500 3411 bonum
515 3369 576 3410 non
593 3357 698 3410 movet
710 3355 905 3410 voluntatem
929 3354 990 3409 nisi
1010 3365 1173 3421 cognoscu-

117 3441 171 3497 tnr.
187 3445 270 3500 Unde
294 3446 382 3501 ectus
402 3445 576 3500 voluntatis
610 3443 797 3499 ordinentur
822 3443 975 3498 adfinem
1009 3440 1172 3496 intellectu

13 3567 18 3589 1
119 3533 344 3602 precognitnm.

147 3619 240 3687 lgltur
263 3621 399 3676 maxime
422 3621 573 3676 differunt
605 3621 693 3676 ectus
720 3621 848 3675 humani
873 3619 911 3674 eb
941 3619 1175 3688 operationibus

119 3706 289 3764 animalium
305 3709 559 3779 brutorumque
576 3709 669 3764 linem
681 3709 843 3765 intellectu
859 3722 919 3764 non
935 3707 1175 3778 apprehendunt

120 3806 168 3852 nec
180 3798 307 3866 proinde
321 3799 483 3854 voluntate
506 3801 669 3866 quaerunt3
695 3799 777 3854 unde
798 3812 860 3852 nnn
886 3798 988 3868 seipso
1008 3797 1128 3852 ducunt
1142 3797 1174 3852 in
