2910 4568
268 439 367 480 cnrur
382 437 449 479 nui.
464 453 498 464 -
509 435 559 480 Nos
574 426 636 491 884,
653 429 717 494 885,
734 428 797 491 888,
810 429 873 490 887,
887 425 950 488 888,
967 427 1031 480 889.
1148 424 1185 479 83

131 562 210 615 quam
225 550 327 604 anima
342 549 528 618 simpliciter
542 549 714 608 inclinatur
734 554 773 608 ad
795 549 1046 622 prosequendum
1065 563 1184 618 eaquae

130 623 194 674 sunt
207 621 423 676 convenientia
433 622 608 688 ¹secundum
624 637 761 690 sensum,
777 625 809 679 et
824 623 863 678 ad
886 621 1107 690 refugiendum
1131 635 1184 676 no·

129 690 205 756 civa;
218 693 248 746 et
262 691 328 746 haec
344 691 460 748 dicitur
473 690 730 764 concupiscibilis.
747 695 816 750 Alia
830 696 905 750 verb
926 707 984 762 per
1004 705 1096 760 quam
1120 692 1185 747 ani·

129 763 182 817 mal
202 763 322 818 resistit
340 764 598 833 impugnantibus
614 779 682 832 quae
705 765 924 823 convenientia
945 764 1133 887 impugnant
1154 763 1186 820 ct

129 838 303 889 nocumenta
326 834 482 897 inierunt;
510 838 542 890 et
567 836 632 890 haec
657 837 706 892 vis
730 838 864 894 vocatur
886 833 984 889 irasci
1006 832 1056 889 ilis
1072 852 1082 888 :
1104 834 1184 890 unde

128 903 230 960 dicitur
242 905 325 974 quod
341 905 367 974 ej
375 920 409 960 us
421 905 579 974 objectum
594 909 642 963 est
656 909 803 972 arduum,
815 907 888 975 quia
897 906 1017 962 scilicet
1031 905 1133 962 tendit
1146 906 1185 961 ad

130 973 178 1029 hoc
191 979 267 1042 quod
283 977 413 1047 superet
436 978 606 1044 contraria,
625 981 658 1034 et
678 979 912 1050 superemineat
926 978 983 1032 eis.
1006 979 1057 1032 Hae
1078 978 1183 1033 autem

129 1044 187 1126 duae
200 1047 419 1103 inclinationes
434 1063 496 1103 non
517 1049 713 1106 reducuntur
727 1051 760 1106 in
776 1065 874 1106 unum
888 1048 1096 1120 principium;
1112 1049 1186 1116 quia

128 1119 271 1173 mtcrdum
288 1121 396 1174 anima
410 1119 556 1176 tristibus
571 1135 603 1176 se
614 1121 733 1190 ingerit
744 1125 854 1178 contra
864 1121 1099 1177 inclinationem
1115 1133 1185 1176 con·

127 1189 316 1257 cupiscibilis,
336 1193 370 1245 ut
388 1191 556 1246 secundnm
573 1192 808 1250 inclinationem
833 1191 998 1248 irascibilis
1022 1191 1186 1262 impugnet

126 1260 287 1327 contraria;
308 1261 388 1316 unde
407 1262 501 1317 etiam
517 1263 677 1331 passiones
698 1265 864 1321 irascibilis
880 1277 1055 1332 repugnare
1076 1263 1187 1318 viden-

125 1330 172 1411 tur
191 1333 389 1400 passionibus
412 1334 670 1402 concupiscibilis.
688 1338 763 1390 Nam
784 1334 1035 1404 concupiscentia
1057 1347 1187 1390 accensa

127 1404 230 1529 mlmubt
249 1404 345 1545 irahm,
360 1406 392 1459 et
411 1405 460 1459 ira
488 1419 616 1462 accensa
638 1406 755 1463 minuit
781 1406 1075 1475 concupiscentiam,
1098 1404 1186 1460 utin

126 1487 200 1542 puri
223 1478 280 1546 us(
317 1513 323 1526 .

153 1603 213 1664 887.
231 1611 284 1666 De
304 1609 473 1666 undecim
495 1611 738 1682 passionibus.
754 1641 788 1654 -
803 1612 970 1683 Appetitas
991 1610 1185 1681 concupisci-

124 1695 185 1754 bilis
211 1701 243 1756 et
265 1700 428 1770 appetitus
451 1700 619 1756 irascibilis
646 1701 913 1772 comprehendunt
943 1699 1089 1755 undecim
1116 1713 1188 1769 pas-

124 1785 224 1852 siones,
248 1803 320 1858 quae
335 1788 380 1843 sic
399 1791 633 1844 numerantur:
654 1805 744 1846 amor
758 1791 791 1846 et
806 1791 924 1855 odium,
941 1788 1131 1845 desiderium
1153 1789 1186 1844 ct

123 1877 245 1942 aversio,
261 1877 415 1946 gaudium
438 1878 470 1934 at
490 1879 623 1934 tristitia
647 1876 913 1950 (concupiscibile),
934 1892 1005 1949 spes
1027 1879 1060 1934 et
1080 1877 1188 1948 despe-

124 1965 204 2029 ratio,
216 1966 316 2022 timor
330 1969 361 2022 ct
375 1967 513 2033 audacia,
530 1967 580 2022 ira
595 1965 783 2038 (irascibile).

143 2055 239 2111 ‘Recte
254 2057 390 2110 vocatur
404 2056 518 2126 passio,
534 2071 553 2111 a
578 2071 653 2112 voce
668 2055 740 2130 pati
751 2073 763 2119 ,·
785 2071 856 2112 nam
880 2057 1039 2128 appetitus
1060 2056 1110 2112 est
1133 2071 1186 2126 po·

124 2143 212 2198 tentia
239 2145 377 2215 passiva,
399 2146 553 2212 quatenus
573 2145 679 2200 oritur
702 2161 742 2200 ex
764 2145 901 2201 motione
923 2144 1038 2214 objecti
1066 2145 1188 2216 appeti-

124 2227 202 2298 bilis;
219 2234 304 2289 uude
323 2232 439 2288 dicitur
458 2233 554 2288 etiam
574 2234 684 2303 gallice
704 2231 849 2288 amotioa.
868 2233 926 2290 Sed
948 2247 1060 2289 revera
1082 2233 1185 2302 passio

125 2322 318 2391 estquaedam
343 2323 486 2393 potentia
509 2324 676 2394 appetendi
705 2324 756 2380 vel
778 2325 882 2379 motus
906 2323 1000 2392 hujus
1024 2322 1187 2393 potentiae,

123 2413 209 2478 prout
223 2411 377 2468 delinitur
391 2413 539 2480 tanquam
555 2412 689 2480 qualitas
703 2413 754 2467 vel
769 2414 919 2481 tanquam
935 2412 1028 2466 actia.

154 2545 212 2600 888.
225 2545 439 2602 Passionum
449 2545 597 2616 species.
611 2546 755 2616 Species
767 2546 959 2616 simplices.
969 2574 1001 2584 -
1012 2545 1186 2612 Antequam

125 2631 305 2690 divisionem
324 2633 521 2689 essentialem
546 2635 728 2704 passionum
752 2621 925 2698 tradamus,
946 2634 1114 2690 observare
1136 2646 1188 2686 cx-

123 2723 200 2790 pedit
212 2723 376 2793 passiones
392 2737 459 2778 esse
474 2721 655 2778 innumeras
671 2725 697 2778 si
713 2724 889 2780 attenditur
903 2723 942 2778 ad
961 2737 1071 2778 earum
1087 2721 1187 2791 objec-

125 2811 184 2866 tum
204 2811 382 2867 materiale.
402 2811 560 2876 Sicorim,
576 2805 624 2866 ex.
647 2825 712 2880 gr„
728 2813 777 2868 est
800 2813 903 2882 passio
923 2811 999 2876 ludi,
1020 2811 1072 2866 vel
1095 2825 1190 2866 vena-

124 2899 222 2965 tionis,
238 2903 290 2956 ete
304 2941 312 2965 ,
328 2900 558 2970 multiplicatur
574 2901 679 2970 passio
695 2901 866 2956 secundum
880 2915 987 2956 omnes
1003 2900 1140 2956 virtutes
1157 2899 1192 2954 et

125 2990 223 3044 omnia
237 2989 330 3051 vitia,
341 2989 407 3044 lma
421 2989 591 3044 secundum
608 3001 715 3044 omnes
731 2989 959 3053 inclinationes,
970 2989 1140 3044 instinctus
1153 2990 1185 3043 et

124 3077 354 3134 delectationes.
372 3077 430 3132 Sed
445 3077 649 3148 philosophus
670 3077 832 3134 attendere
852 3079 943 3133 debet
958 3077 1133 3147 praesertim
1151 3075 1190 3131 ad

124 3165 276 3236 objectum
302 3166 433 3222 formale
454 3167 646 3238 passionum,
663 3169 699 3223 ut
722 3167 910 3222 determinet
932 3167 1093 3236 passiones
1116 3166 1193 3220 sim·
1256 3157 1257 3161 ’

124 3255 222 3323 plicas,
237 3257 360 3312 scilicet
374 3270 414 3312 ex
430 3255 542 3324 quibus
558 3256 668 3310 ceterae
686 3257 928 3326 cornponuntur.

156 3395 217 3451 889.
238 3397 399 3452 Amores
414 3395 546 3451 odium.
560 3426 595 3434 —
610 3397 718 3458 Porro,
736 3397 762 3450 si
777 3396 968 3451 attendimus
979 3397 1018 3450 ad
1031 3395 1189 3465 objectum

124 3481 251 3539 formale
271 3485 465 3554 passionum,
490 3485 630 3554 primum
650 3484 829 3539 invenimus
853 3498 993 3538 amorem
1017 3483 1189 3539 etodium.

126 3571 226 3628 Passio
242 3574 339 3634 enim,
356 3573 426 3627 cum
442 3573 484 3627 sit
497 3572 667 3643 appetitus,
684 3574 798 3639 quaerit
814 3573 928 3627 bonum
949 3572 998 3628 cui
1020 3573 1192 3643 opponitur

125 3661 355 3716 malum:hinc
374 3675 464 3716 amor
489 3661 559 3716 boui
589 3663 621 3718 et
649 3661 756 3716 odium
788 3663 871 3716 mali.
893 3661 1012 3716 Exinde
1042 3662 1193 3716 oriuntur
1275 3659 1276 3662 ’

152 3833 185 3902 (l)
200 3843 238 3898 ιι,
256 3855 280 3903 q.
296 3838 337 3897 si,
352 3854 376 3888 a.
392 3839 416 3888 a.
429 3865 457 3875 -
470 3837 509 3888 cs.
520 3823 601 3888 eciam
617 3838 653 3894 1³,
667 3839 713 3896 aa,
725 3854 751 3902 q.
765 3837 804 3894 aa,
818 3855 840 3886 a.
860 3837 881 3886 r.
