2910 4568
282 439 382 480 777777
401 438 488 481 xnvr.
506 453 540 465 -
554 435 604 480 rv0⁸
618 427 681 491 774,
698 427 761 490 775,
778 427 842 490 776,
857 427 922 492 777,
939 429 1002 480 778.
1143 425 1179 480 35

113 551 303 620 operationes
318 550 393 606 sunt
408 550 596 606 voluntariae
612 551 644 606 et
659 551 729 606 aliae
744 564 823 616 non;
838 550 907 608 aliae
922 565 993 607 oum
1013 551 1176 607 eonscien·
1208 575 1211 582 ·

114 637 154 693 oa
167 639 357 695 exercentur
369 641 401 695 et
415 639 485 696 71777
501 640 567 696 7777
580 639 785 696 conscientie.

144 775 204 828 tto.
226 773 331 829 Eritis
348 772 500 830 humani
525 775 660 830 unitas.
677 805 712 815 -
737 775 853 844 ltaque,
870 789 933 830 non
957 774 1101 831 obstante
1120 774 1179 830 hac

115 860 292 918 diversitate
310 863 521 931 potentiarum
537 865 569 918 77
583 863 814 934 operationum,
830 864 924 919 bomo
939 863 1082 919 remanet
1097 877 1179 918 unus

116 950 319 1006 essentialiter
342 952 374 1007 et
400 951 661 1008 substantialiter.
688 954 784 1016 Quam
810 952 975 1017 unitatem,
995 952 1062 1022 jam
1087 953 1181 1010 antea

115 1039 366 1104 demonstratam,
381 1041 573 1096 conscientia
595 1043 627 1098 et
650 1041 846 1111 experientia
869 1040 979 1098 multis
999 1041 1098 1096 modis
1121 1041 1182 1098 tes·

117 1129 227 1185 tantur.
242 1131 399 1195 Jamvero,
423 1129 485 1185 nisi
503 1130 545 1185 sit
565 1130 670 1185 anima
692 1130 786 1185 unica
802 1130 836 1184 in
852 1129 989 1195 homine,
1006 1130 1100 1185 homo
1117 1145 1179 1194 non

116 1225 157 1272 est
171 1232 252 1274 unus
268 1218 323 1274 sed
342 1233 395 1274 ens
416 1218 532 1298 duplex
550 1219 602 1274 vel
617 1218 794 1289 multiplex,
810 1219 931 1274 seilicet
946 1235 953 1274 ε
968 1232 1023 1275 777
1038 1219 1181 1288 cogitans

115 1311 142 1361 et
155 1321 206 1362 ens
222 1308 408 1376 vegetabile,
423 1308 475 1362 vel
489 1321 544 1363 ens
560 1307 727 1378 spirituale
754 1309 786 1364 77
809 1321 864 1363 777
883 1307 1035 1372 animale;
1059 1308 1111 1365 vel
1125 1322 1180 1364 ens

116 1396 293 1464 vegetabile,
308 1410 362 1451 ens
386 1397 525 1452 sentiens
540 1397 572 1452 et
595 1411 650 1452 ens
670 1396 870 1465 intelligens;
887 1396 951 1451 imo
967 1397 1015 1452 tot
1028 1409 1096 1451 esse
1113 1411 1181 1467 pos-

114 1485 175 1539 sent
189 1486 304 1540 animae
319 1486 396 1554 quot
415 1486 489 1541 sunt
513 1485 667 1555 principia
687 1485 874 1541 secundaria
888 1485 962 1540 vitae
980 1501 987 1540 :
1002 1485 1074 1542 inde
1089 1500 1179 1557 orpo-

117 1571 271 1638 oteismus,
289 1577 348 1629 etc.

147 1661 199 1718 Sed
223 1663 383 1733 colligatio
409 1663 520 1720 stricta
548 1663 688 1719 omnium
725 1663 911 1719 facultatum
938 1666 970 1719 et
1004 1663 1121 1719 virium
1147 1664 1179 1718 in

118 1750 234 1807 bomine
247 1752 402 1808 unitatem
418 1752 616 1808 essentialem
632 1752 719 1807 nobis
735 1752 911 1808 renunciat.
924 1751 1007 1808 ldem
1023 1755 1072 1808 est
1085 1752 1178 1808 homo

117 1841 162 1908 qui
179 1841 278 1896 sentit
300 1841 332 1896 et
358 1841 518 1910 intelligit,
539 1841 593 1910 qui
617 1841 758 1897 sensibus
774 1841 1004 1896 determinatur
1025 1841 1065 1896 ad
1089 1841 1179 1897 intel-

119 1929 268 1998 ligendum
284 1932 340 1986 aut
352 1931 525 2000 impeditur
539 1945 578 1985 ne
590 1929 758 2000 intelligat,
771 1930 825 1998 qui
836 1927 1034 2000 passionibus
1044 1931 1180 2000 imperat

116 2021 163 2073 aut
180 2020 224 2075 eis
240 2020 390 2084 trahitur,
407 2020 465 2074 etc.
492 2018 544 2087 (l).
561 2021 630 2074 Haec
646 2019 751 2074 unitas
774 2019 989 2074 substantialis
1013 2019 1179 2090 compositi

123 2105 242 2163 humani
264 2108 472 2164 confirmatur
505 2108 649 2163 omnibus
669 2123 737 2176 quae
753 2107 871 2176 scripta
895 2109 970 2162 sunt
997 2107 1179 2163 novissimis

121 2197 303 2268 temporibus
319 2195 356 2250 de
371 2193 574 2250 relationibus
587 2193 712 2270 physici
726 2197 755 2250 et
775 2193 921 2252 moratis.

150 2333 206 2386 777.
222 2331 528 2388 Adversariorum
547 2331 723 2388 dissensio
744 2331 812 2400 ipsa
826 2329 947 2385 7771777
970 2331 1007 2384 ad
1031 2330 1179 2386 demons-

121 2421 253 2476 trandam
277 2421 432 2476 unitatem
453 2420 619 2490 compositi
647 2419 787 2474 humani.
805 2421 892 2484 Nam,
908 2421 943 2474 77
958 2419 1106 2481 vidimus,
1126 2420 1179 2474 alii

123 2511 257 2578 separant
272 2510 410 2564 animam
435 2509 620 2564 sensitivam
635 2508 673 2562 ab
688 2508 794 2562 animai
816 2507 978 2572 rationali;
995 2507 1050 2562 alii
1065 2507 1180 2562 distin-

124 2600 212 2662 guunt
224 2599 363 2668 primum
380 2597 571 2668 principium
591 2597 665 2653 vitae
681 2597 835 2664 organicae
849 2598 879 2651 et
898 2597 1036 2666 primum
1056 2596 1179 2665 prinoi-

125 2685 198 2753 pium
213 2687 423 2756 cogitationis.
439 2685 506 2742 Non
519 2687 632 2742 minori
643 2686 717 2754 jure
733 2685 964 2754 distinguerent
978 2687 1043 2740 tres
1059 2685 1178 2742 animas

128 2774 167 2828 vel
179 2777 321 2846 amplius.
338 2776 425 2831 Unde
438 2789 501 2830 non
525 2776 726 2832 consentiunt
741 2788 840 2842 neque
856 2774 1033 2830 consentire
1048 2777 1180 2844 possunt

127 2862 155 2916 dc
166 2879 292 2921 numero
310 2866 487 2920 animarum
507 2865 558 2920 vel
571 2864 748 2934 primorum
764 2863 992 2933 principiorum
1011 2861 1179 2931 exquibus

128 2951 330 3009 vitahumana
353 2954 548 3022 exsurgeret.
573 2953 630 3008 Sed
646 2966 765 3016 revera,
790 2952 934 3020 quamvis
958 2952 1064 3006 multis
1088 2952 1181 3020 prin-

128 3040 203 3110 cipiis
228 3042 421 3098 secundariis
444 3057 499 3097 seu
523 3041 673 3111 potentiis
693 3041 785 3095 homo
803 3042 899 3103 vivat,
912 3039 994 3095 idem
1013 3041 1118 3094 tamen
1133 3041 1181 3095 est

128 3128 206 3186 bomo
222 3132 275 3200 qui
299 3131 458 3200 intelligit,
475 3131 581 3193 sentit,
606 3129 758 3194 nutritur,
774 3129 828 3197 qui
844 3129 901 3183 hoc
916 3129 987 3183 vult
1004 3128 1180 3183 necessario

127 3218 235 3274 etillud
251 3220 357 3283 libere,
375 3221 427 3288 qui
444 3219 534 3274 modd
554 3218 601 3274 est
621 3218 750 3287 ignarus
765 3219 796 3272 et
818 3217 908 3272 modd
933 3216 1057 3286 sapiens
1077 3216 1109 3271 et
1130 3217 1179 3270 sui

130 3309 266 3364 conscius.

157 3443 212 3497 778.
231 3442 345 3498 Unica
356 3447 414 3497 est
424 3439 805 3497 tormesubstsntialis
814 3439 853 3495 in
866 3439 1020 3494 homine.
1029 3467 1062 3478 -
1076 3439 1181 3505 ltaque

128 3529 306 3587 admittenda
320 3533 368 3587 est
383 3532 475 3586 unica
498 3529 601 3585 forma
616 3529 832 3585 substantialis
854 3529 887 3582 77
908 3529 1044 3583 homine.
1061 3529 1138 3582 Nam
1155 3527 1182 3582 si

130 3775 134 3784 Ι
154 3716 174 3776 (1
197 3718 236 3767 Gi.
253 3720 277 3768 S.
299 3719 349 3767 Tb.
369 3717 405 3777 1⁸,
420 3732 447 3782 q.
461 3716 500 3773 76,
526 3732 550 3766 a.
568 3716 592 3774 3,
608 3715 655 3765 ubi
683 3715 772 3765 snsids
797 3713 918 3765 ostendit
940 3719 1040 3785 praeter
1060 3712 1181 3784 animam

129 3779 306 3892 lrnetstggctivam
328 3794 384 3830 non
399 3795 458 3829 esse
483 3779 513 3829 in
535 3778 645 3828 homine
661 3778 728 3827 alias
745 3777 850 3828 animas
869 3790 919 3841 per
932 3781 1077 3825 essentiam
1101 3773 1181 3822 diffe-
