2790 4546
242 380 296 436 224
725 395 839 438 nrnroa

238 505 442 576 Quadruplex
458 505 541 561 enim
557 505 721 560 invenitur
735 505 911 572 subjectum
928 507 1024 572 hujus
1038 508 1178 571 virtutis,
1197 510 1231 566 de
1245 511 1296 578 qna

240 591 323 631 nunc
340 577 521 646 loquimur:
548 577 668 632 scilicet
692 578 843 633 rationale
869 593 925 648 per
944 580 1124 644 essentiam,
1145 583 1221 646 quod
1238 598 1297 648 pru·

241 647 349 704 dentis
367 646 503 717 perficit:
520 649 553 703 ct
573 648 726 704 rationale
744 663 799 718 iter
819 649 1102 718 participationem,
1124 654 1202 720 quod
1222 654 1297 708 divi·

241 719 328 774 ditur
346 719 467 782 intria,
484 719 589 785 idest,
606 721 637 773 in
660 720 866 784 voluntatem,
888 735 957 789 quae
977 725 1025 776 est
1046 723 1217 788 subjectum
1236 725 1298 788 jus-

240 791 330 854 titiae,
346 795 378 846 et
390 791 421 844 in
438 789 720 860 concupiscibilem.
738 804 806 858 qoae
822 794 870 846 est
889 791 1066 856 subjectum
1082 795 1298 866 temperantiae,

242 861 317 917 etin
337 861 536 926 irascibilem,
554 875 622 928 quae
637 865 686 918 est
698 860 873 930 subjectum
889 861 1086 919 fortitudinis
1102 866 1157 935 (l).

280 975 357 1032 1203.
380 977 546 1032 Virtutes
564 980 652 1032 sunt
672 977 710 1032 in
730 978 860 1034 medlo.
880 1009 913 1018 -
933 982 1044 1035 Omnes
1067 981 1201 1036 virtutes
1221 982 1299 1038 natu-

240 1067 323 1122 rales
338 1067 422 1121 recte
435 1066 584 1121 dicuntur
596 1066 763 1122 consistere
782 1067 815 1120 in
828 1067 962 1136 quodam
978 1070 1091 1135 medio,
1109 1085 1169 1125 nou
1185 1072 1297 1140 quidem

237 1157 295 1216 rei,
313 1155 365 1211 sed
382 1155 523 1210 rationis.
547 1155 633 1210 Unde
657 1155 826 1222 adagium:
848 1153 885 1208 In
902 1155 1003 1210 medio
1017 1159 1080 1212 stat
1101 1156 1211 1214 virtus.
1233 1160 1297 1215 Nam

238 1259 295 1316 per
315 1245 452 1300 medium
477 1243 609 1299 rationis
633 1244 823 1312 intelligitur
839 1246 947 1300 modus
965 1261 1020 1301 seu
1043 1262 1192 1303 mensura
1210 1249 1300 1304 deter-

241 1333 388 1389 minanda
407 1347 425 1388 a
448 1333 570 1387 ratione
590 1333 674 1387 inter
689 1347 851 1388 excessum
873 1335 906 1389 et
928 1335 1096 1390 deiectum.
1114 1339 1146 1392 ln
1165 1337 1297 1392 omnibus

225 1424 343 1477 'autem
360 1422 544 1486 virtutibus,
561 1423 642 1476 ratio
663 1422 828 1490 quamdam
850 1437 1029 1479 mensuram
1053 1425 1240 1481 determinat
1260 1427 1298 1480 in·

239 1513 289 1567 ter
304 1525 465 1566 excessum
488 1513 520 1565 et
543 1509 708 1570 deiectum.
735 1515 770 1566 ut
794 1511 884 1566 facile
908 1517 995 1581 patet
1018 1513 1158 1582 singulas
1181 1529 1297 1584 percur-

239 1599 345 1655 rende.
364 1600 534 1655 Prudentia
547 1613 658 1655 cavere
673 1600 764 1654 debet
782 1601 820 1655 ab
834 1601 952 1656 astutia
966 1603 998 1656 et
1020 1601 1058 1656 ab
1083 1603 1295 1674 imprudentia.

239 1693 307 1760 lpsa
331 1688 441 1744 deinde
467 1689 602 1744 medium
632 1689 772 1747 assianat
799 1690 911 1744 ceteris
936 1691 1137 1747 virtutibus:
1162 1693 1296 1761 justitia,

241 1777 432 1843 fortitudini,
449 1778 664 1846 temperantiae
679 1778 729 1846 (2).
1072 1777 1075 1784 “

276 1894 352 1972 1204.
370 1894 538 1949 Virtutes
551 1897 638 1948 sunt
651 1894 923 1963 inseparabiles.
941 1925 974 1934 -
990 1895 1133 1951 Virtutes
1149 1896 1297 1952 naturales

239 1985 284 2039 ita
307 1986 382 2037 sunt
408 1996 557 2038 connexae
586 1987 622 2037 ut
650 1996 712 2036 una
736 1983 802 2036 sine
829 1983 940 2038 ceteris
961 1998 1022 2038 non
1050 1985 1151 2054 possit
1170 1985 1297 2056 perfecte

239 2071 356 2127 haberi.
377 2072 612 2126 connectuntur
630 2073 734 2126 autem
756 2071 787 2125 in
808 2071 986 2141 prudentia,
1004 2087 1072 2138 quse
1099 2075 1148 2129 est
1166 2073 1296 2129 omnium

237 2162 396 2216 virtutum
413 2159 605 2215 naturalium
622 2159 723 2214 forma
738 2160 786 2228 (3).
803 2160 946 2225 Aliunde,
962 2162 1033 2216 cum
1049 2161 1227 2231 prudentia,
1243 2161 1297 2216 unt

238 2265 309 2306 cum
331 2249 443 2305 ceteris
469 2249 643 2304 virtutibus
666 2249 889 2313 cardinalibus,
915 2264 1022 2304 omnes
1045 2252 1133 2306 actus
1154 2249 1297 2307 humanos

237 2339 362 2395 ordinet
382 2338 414 2392 in
439 2339 554 2392 bonum
580 2337 764 2406 perlectum,
788 2341 855 2392 tota
882 2337 1033 2408 perfectio
1059 2340 1188 2394 moralis
1212 2341 1299 2394 uatu-

235 2429 311 2484 ralis
326 2443 366 2484 ex
383 2428 453 2484 istis
472 2429 607 2496 quatuor
623 2425 793 2482 virtutibus
809 2425 1018 2482 cardinalibus
1037 2428 1195 2497 exsurgit.

276 2545 353 2600 1205.
370 2544 423 2599 De
443 2542 647 2612 prudentia.
662 2572 695 2582 -
711 2545 780 2597 Haec
792 2543 895 2597 virtus
910 2543 1055 2598 consistit
1069 2543 1174 2613 primo
1194 2544 1226 2598 in
1239 2557 1299 2611 cog·

236 2635 355 2689 uitione
375 2647 481 2687 rerum
503 2631 749 2701 appetendarum
770 2636 801 2686 et
816 2631 1045 2700 fugiendarum,
1064 2632 1099 2687 ut
1113 2632 1160 2688 ait
1182 2635 1299 2702 Augus·

235 2723 322 2778 tinus
340 2721 391 2790 (4).
415 2720 569 2776 Definitur
580 2720 674 2775 etiam
691 2736 698 2772 ι
717 2740 730 2770 α
747 2719 834 2775 Ratio
850 2722 936 2775 recta
950 2720 1113 2789 agibilium
1131 2741 1144 2769 ι
1160 2720 1213 2792 (5).
1234 2723 1297 2776 liam

236 2810 355 2880 triplici
370 2809 460 2864 modo
475 2809 589 2864 dividit
603 2811 632 2864 S·
647 2809 779 2863 Thomas
796 2827 802 2862 :
819 2808 850 2863 in
866 2810 971 2878 partes
991 2806 1169 2880 intepretes,
1186 2808 1297 2879 subjee-

236 2896 318 2954 ttoes
337 2899 369 2954 et
383 2895 579 2970 potentiales.
595 2899 668 2953 Octo
685 2898 894 2952 numerantur
906 2901 1011 2966 partes
1026 2897 1198 2966 integrales
1215 2916 1221 2952 :
1237 2899 1297 2953 Me-

237 2987 348 3050 moria,
377 2987 597 3054 intelligentia,
627 2986 780 3050 docilitas,
808 2985 946 3050 solertia,
972 2985 1063 3050 ratic,
1094 2987 1296 3055 providentia,

235 3076 475 3146 circumspectio
489 3078 521 3131 et
536 3075 648 3130 cautio.
663 3077 734 3129 lluee
749 3076 823 3129 sunt
838 3075 941 3144 partes
954 3073 1138 3142 subjective
1153 3091 1159 3128 ε
1172 3074 1298 3146 pruden-

234 3168 280 3222 tia
308 3165 357 3222 sui
381 3165 517 3232 regitiva
541 3169 572 3219 et
601 3164 769 3233 prudentia
794 3163 1007 3219 multitudinis
1041 3163 1205 3219 directiva.
1230 3165 1297 3218 Tres

235 3258 310 3312 sunt
331 3255 436 3325 partes
458 3253 668 3323 potentiales:
694 3252 819 3308 eubulia
841 3265 895 3306 seu
917 3252 1092 3320 consilium,
1109 3253 1229 3320 synesis
1249 3265 1298 3306 seu

232 3344 389 3415 judicium
404 3343 436 3398 e't
450 3341 619 3412 prudentia
633 3342 803 3397 secundum
817 3341 899 3410 qubd
914 3344 962 3396 est
978 3341 1169 3411 praeceptiva
1184 3343 1233 3412 (6).

268 3495 302 3550 (lt
319 3493 355 3550 1⁸,
372 3493 419 3543 2³.
432 3508 458 3557 q.
471 3492 511 3551 61,
525 3506 548 3540 a.
561 3492 586 3542 2.
1148 3527 1150 3532 .

265 3557 300 3612 ‹2›
315 3555 362 3630 Gi,
376 3556 456 3612 ibid..
473 3571 487 3618 q
513 3555 553 3613 64,
572 3569 594 3602 a.
613 3553 625 3602 l
643 3559 670 3604 et
688 3570 742 3619 seq.
761 3582 789 3592 -
803 3559 829 3604 et
841 3552 993 3618 presertim,
1009 3553 1047 3613 2⁶,
1065 3551 1115 3615 2⁰,
1131 3567 1157 3616 q.
1175 3551 1215 3610 47,
1230 3566 1255 3600 a.
1273 3549 1297 3598 i.

266 3619 304 3741 iii
319 3619 455 3744 aas..
468 3617 509 3737 ii:
523 3633 548 3729 i:
563 3617 589 3730 i:

266 3746 301 3804 (5)
319 3743 400 3798 leid..
415 3758 441 3792 a.
460 3743 483 3792 2.

266 3806 303 3870 (6)
320 3805 402 3862 ibid..
418 3821 444 3870 q.
460 3804 498 3853 48.
