2790 4546
158 361 212 416 202
641 371 756 413 urmes

164 474 270 552 finem,
300 486 353 542 sed
377 481 483 558 petiis
505 485 674 541 ducuntur.
704 484 809 554 ltaque
831 483 971 540 ordinem
988 483 1141 540 moralem
1170 497 1236 538 non

161 564 393 646 ingrediuntur,
409 575 462 630 sed
479 595 490 625 «
511 589 612 628 mores
620 572 748 647 proprie
762 571 912 628 dicuntur
926 572 1062 626 humani
1082 593 1107 624 u.

194 666 288 721 Actus
314 679 389 733 ergo
417 664 548 719 humani
569 678 644 719 vere
668 663 801 734 speciem
823 661 971 718 moralem
995 661 1143 718 induunt.
1161 663 1235 716 Haec

160 756 264 810 autem
281 753 435 825 accipitur
454 768 472 808 a
491 752 572 818 fine;
598 766 669 808 nam
692 751 764 806 linis
786 751 834 806 est
861 751 974 807 horum
990 752 1119 806 actuum
1136 751 1236 806 simul

159 840 355 916 principium
377 844 410 897 et
432 841 587 896 terminus
605 859 613 894 :
634 840 837 912 principium,
853 841 936 908 quod
960 839 1059 895 allicit
1079 839 1234 896 volunta-

161 934 225 988 tem
247 946 304 1004 per
336 931 547 992 intellectum
573 930 739 993 terminus,
769 929 802 984 in
829 943 890 998 quo
908 929 1056 984 voluntas
1084 929 1232 998 quiescit.

161 1022 248 1078 Unde
263 1020 300 1076 fit
314 1022 351 1076 ut
371 1018 504 1074 intentio
528 1019 569 1075 sit
591 1019 721 1074 maximi
738 1019 887 1074 momenti
903 1018 936 1072 in
960 1017 1142 1080 moralibus,
1157 1019 1232 1072 cum

160 1111 296 1166 intentio
307 1111 442 1179 aliquem
458 1109 550 1164 linem
565 1107 770 1178 principalem
783 1107 929 1178 respiciat
944 1107 994 1177 (l).

159 1285 164 1326 3
197 1253 275 1309 1156.
293 1253 435 1309 Pinlum
457 1250 735 1321 particularium
755 1249 935 1306 ordinatio
954 1249 1126 1304 adfinem
1144 1247 1234 1303 ulti·

159 1357 268 1400 mum.
286 1373 319 1382 —
338 1341 422 1396 Finis
437 1340 474 1396 ab
490 1340 616 1395 bomine
640 1340 781 1396 intentus
804 1339 855 1394 vel
876 1339 924 1394 est
946 1337 1155 1394 intermedius
1178 1338 1234 1392 vel

54 1495 56 1499 ,
158 1433 206 1488 est
233 1431 375 1487 ultimus.
402 1430 432 1486 Si
456 1431 504 1486 est
525 1429 741 1492 intermedius,
772 1428 949 1484 intenditur
977 1430 1108 1498 propter
1133 1425 1232 1480 finem

159 1521 353 1587 ulteriorem,
371 1521 423 1589 qui
447 1520 624 1575 intenditur
646 1519 713 1590 ipse
737 1519 868 1590 propter
891 1517 989 1572 elium
1014 1517 1112 1572 donec
1136 1515 1235 1570 deve-

158 1613 283 1672 niamus
298 1611 336 1666 ad
358 1610 452 1665 finem
469 1609 629 1664 ultimum.
655 1609 709 1663 Hic
724 1608 830 1678 igitur
849 1609 898 1662 est
918 1619 1018 1681 causa¹
1033 1605 1138 1674 primu
1162 1617 1235 1659 res-

158 1701 251 1772 pectu
267 1701 454 1755 ceterorum.
471 1699 556 1754 Unde
576 1699 602 1753 si
617 1697 752 1760 tollitur,
769 1697 836 1766 Jam
858 1695 1032 1751 caterinen
1052 1695 1137 1750 sunt.
1154 1694 1234 1747 Uim

160 1793 266 1846 autem
281 1787 396 1843 bonum
412 1787 454 1842 sit
468 1787 548 1850 linis,
565 1788 649 1842 recte
664 1787 746 1842 dixit
764 1784 971 1854 Philosophus
988 1800 995 1838 z
1013 1804 1035 1852 ¹l
1053 1781 1111 1846 Qui
1127 1781 1236 1836 infini-

159 1880 228 1934 tum
243 1876 365 1932 iaciunt
377 1876 508 1948 (scilicet
527 1877 581 1945 qui
595 1877 711 1932 tollunt
726 1875 820 1930 finem
836 1873 995 1943 ultimum)
1010 1871 1162 1927 auferunt
1174 1884 1236 1924 na-

158 1968 264 2022 turam
276 1965 350 2020 boni
366 1985 378 2015 l
396 1979 452 2021 seu
467 1966 585 2020 tollunt
596 1965 812 2034 quodcumque
827 1964 942 2019 bonum
963 1961 1012 2032 (2).

194 2057 292 2110 Porro
316 2055 424 2122 nequit
449 2055 542 2110 homo
566 2055 727 2110 intendere
742 2055 848 2125 plures
876 2051 953 2107 fines
987 2051 1136 2114 ultim0s3
1157 2063 1236 2104 nam

161 2145 265 2215 prima
279 2157 373 2199 causa
393 2158 454 2199 non
468 2146 572 2214 potest
587 2158 653 2199 esse
674 2143 849 2214 multiplex.
870 2143 900 2198 Si
916 2141 1009 2196 homo
1023 2140 1131 2210 plures
1150 2136 1236 2194 fines

55 2277 57 2280 .
159 2235 288 2289 ultimos
304 2233 490 2296 intenderet,
509 2233 650 2300 jamnon
667 2233 749 2288 esset
772 2233 865 2288 homo
888 2243 993 2286 unus:
1018 2229 1123 2284 unitas
1145 2228 1236 2283 enim

160 2325 283 2378 naturae
297 2323 450 2378 unitatem
473 2319 544 2376 finis
559 2322 712 2392 importet
726 2321 774 2392 (3).
792 2321 946 2383 ceterum,
961 2319 1107 2374 videmus
1121 2330 1238 2374 omnes

159 2413 302 2468 homines
315 2411 477 2467 intendere
492 2411 618 2480 aliquod
631 2410 746 2466 bonum
758 2411 839 2480 quod
853 2410 897 2464 cis
907 2409 1035 2464 videtur
1044 2421 1237 2479 supremum

161 2515 238 2566 esse,
255 2500 422 2556 honestum
442 2515 553 2571 nempe
573 2498 623 2555 vel
639 2499 756 2570 aliquid
782 2499 860 2554 utile
875 2499 931 2553 aut
946 2497 1139 2553 delectabile.

198 2633 276 2688 1157.
301 2634 413 2691 Homo
432 2633 636 2690 necessarii)
656 2633 923 2690 beatitudinem
948 2630 1090 2702 quaerit.
1116 2631 1240 2686 -Sed

160 2724 228 2779 sive
252 2723 420 2778 honestum
445 2723 510 2778 sive
532 2723 649 2792 aliquid
673 2723 759 2778 aliud
784 2721 967 2777 intendatur
981 2719 1018 2775 ab
1040 2719 1238 2784 hominibus,

160 2811 279 2882 simper
293 2811 409 2867 bonum
424 2812 457 2866 in
472 2827 584 2882 genere
600 2827 655 2868 seu
671 2811 896 2867 beatitudinem
911 2811 1066 2878 quaerunt.
1083 2811 1160 2864 Nam
1176 2807 1237 2863 bo-

162 2915 237 2954 num
257 2902 304 2956 est
327 2901 481 2970 objectum
504 2902 715 2958 necessarium
740 2901 924 2962 voluntatis,
948 2901 1030 2954 sicut
1051 2911 1164 2954 verum
1183 2900 1240 2953 est

161 2988 317 3056 objectum
341 2990 551 3044 necessarium
567 2989 755 3045 intellectis.
773 2987 857 3043 Unde
877 2989 993 3043 bonum
1012 2986 1079 3042 sine
1094 2985 1236 3052 deiectu,

160 3079 265 3141 idest,
282 3077 432 3148 perfectio
448 3093 503 3134 seu
525 3078 684 3134 beatitudo
709 3077 884 3133 necessario
906 3076 1102 3131 voluntatem
1119 3073 1236 3129 trabit.

161 3170 194 3223 ln
210 3167 269 3224 hoc
288 3181 362 3235 ergo
382 3167 574 3222 conveniunt
596 3165 737 3222 homines
763 3167 799 3222 ut
824 3165 1049 3220 beatitudinem
1066 3165 1235 3234 appetunt.

162 3259 232 3312 Haec
247 3256 352 3310 autem
368 3269 386 3309 a
400 3255 503 3310 brutis
519 3270 580 3310 non
589 3256 717 3326 proprie
730 3255 893 3324 quaeritur,
906 3254 978 3321 quia
988 3253 1144 3308 rationem
1158 3252 1239 3307 boni

158 3347 191 3401 et
203 3345 275 3401 finis
290 3360 352 3400 non
369 3345 617 3416 apprehendunt.
634 3345 720 3400 Unde
735 3344 811 3399 dicit
824 3343 1038 3411 Augustinus:
1059 3339 1133 3395 Nou
1146 3337 1237 3396 cadit

160 3431 195 3488 iu
211 3432 371 3489 animalia
386 3433 527 3506 coopertio
542 3431 677 3487 rationis
691 3435 727 3487 ut
743 3431 831 3487 beata
845 3430 910 3486 sint
927 3432 975 3503 (4).

191 3603 226 3662 (l)
243 3603 284 3652 Gi.
305 3604 330 3652 S.
343 3603 408 3657 Th„
426 3603 462 3657 1³.
474 3602 520 3656 ioe.
537 3616 563 3664 q.
582 3601 605 3660 l,
624 3617 650 3650 a.
670 3601 692 3660 1,
709 3599 801 3650 reta.

193 3664 226 3725 (2)
240 3663 277 3714 cl.
291 3663 317 3712 S.
333 3664 394 3720 Th..
412 3665 487 3720 ibid..
503 3679 530 3715 a.
544 3666 570 3715 l.

192 3727 229 3788 (3)
244 3726 324 3782 ibid..
340 3741 363 3774 a.
380 3727 403 3774 5.

194 3788 226 3851 (4)
242 3789 328 3848 Iota,
346 3803 369 3836 a.
382 3788 428 3836 o-8
443 3795 469 3838 et
483 3806 508 3855 q.
522 3788 546 3845 5,
562 3803 584 3836 a.
604 3787 627 3837 8.
