2790 4546
223 345 277 400 268
296 367 298 370 ·
633 355 685 397 Jus
705 355 877 398 urrunnun

225 467 318 532 dant3
339 465 421 521 unde
443 480 525 520 nova
545 464 621 533 jnrs
642 466 674 521 et
696 465 798 520 officia
818 466 981 522 oriuntur.
1007 463 1136 520 Definiri
1160 465 1291 534 potest:

224 558 396 610 consensus
420 569 586 626 expressus
609 554 729 610 duabus
747 555 799 610 vel
822 554 972 630 pluribus
985 553 1126 623 personis
1145 567 1208 621 quo
1233 567 1295 607 una

224 645 335 700 saltem
355 658 388 699 se
404 643 521 712 obligat
535 643 573 698 ad
588 643 707 712 aliquid
722 643 857 699 dandum
873 643 924 698 vel
943 642 1136 706 laciendum
1151 643 1204 696 vel
1228 642 1294 696 cla-

223 733 289 788 rius
306 732 387 788 torte
404 749 410 786 :
427 733 595 788 conventio
612 747 666 802 per
687 745 779 801 quam
796 746 879 788 unus
894 733 949 786 aut
967 732 1074 802 plures
1097 744 1130 786 se
1152 729 1295 798 obligent

224 835 299 888 erga
321 836 417 876 unum
442 823 498 876 aut
517 821 624 892 plures
646 820 724 876 alios
748 821 785 876 ad
809 820 927 889 aliquid
951 819 1099 884 dandum,
1116 817 1294 874 iaciendum

223 911 274 966 vel
289 911 508 966 omittendum.

259 1001 442 1055 Contractus
457 998 510 1052 alli
525 999 599 1054 sunt
617 995 774 1054 nominati
788 999 848 1068 (ex.
866 1012 911 1067 gr.
929 996 1079 1060 venditio,
1096 996 1223 1062 locatio,
1240 996 1295 1051 de-

222 1088 371 1158 positum)
391 1089 423 1142 et
436 1087 490 1142 alii
509 1084 703 1142 innominati
718 1087 782 1157 (qui
798 1088 842 1144 sic
857 1086 1083 1155 designantur:
1108 1083 1146 1138 da
1165 1085 1202 1138 at
1221 1081 1273 1138 des
1282 1101 1293 1146 ;

223 1176 260 1230 do
274 1178 310 1231 at
320 1174 438 1246 lacios:
454 1173 536 1245 facio
549 1177 584 1230 ut
599 1175 668 1236 des:
682 1174 764 1244 facio
781 1179 814 1232 nt
828 1173 952 1246 facias).

259 1266 373 1320 Deinde
401 1265 455 1318 alii
480 1266 555 1320 sunt
577 1262 754 1319 bilaterales
773 1269 805 1320 et
828 1264 882 1319 alii
909 1261 1130 1319 anilaterales.
1154 1261 1215 1328 llli,
1242 1261 1294 1329 qui

223 1355 373 1410 dicuutur
385 1353 480 1408 etism
502 1349 766 1424 synallapmatici‚
783 1353 834 1408 vel
848 1349 981 1416 onerosi,
998 1351 1155 1408 habentur
1170 1351 1294 1419 quando

223 1457 304 1498 unus
323 1444 380 1498 aut
403 1443 510 1513 plures
536 1457 569 1498 se
590 1442 731 1511 obligant
750 1456 824 1510 erga
846 1456 943 1498 unum
967 1444 1023 1497 aut
1045 1441 1155 1511 plures
1174 1441 1296 1511 pariter

222 1532 387 1599 obligatos,
401 1533 436 1586 ut
460 1531 492 1585 in
515 1531 759 1599 permutatione;
778 1532 859 1586 unde
881 1531 1030 1599 obligatio
1051 1531 1100 1585 est
1119 1529 1292 1599 reciproca.

137 1691 140 1698 Ι
222 1621 406 1676 Contractus
430 1622 535 1674 autem
558 1620 769 1683 unilaterales,
793 1621 846 1688 qui
867 1619 1017 1676 dicuntur
1038 1619 1134 1673 etiam
1158 1615 1295 1690 pratuiti

222 1711 272 1764 vel
290 1705 506 1780 beneficentia,
529 1707 685 1764 habentur
699 1709 822 1777 quando
842 1709 955 1776 aliquis
975 1721 1014 1763 ex
1033 1706 1294 1762 contrahentibus

221 1799 339 1866 aliquid
355 1798 447 1853 alteri
469 1797 592 1862 tribuit,
610 1797 689 1852 nihil
704 1799 741 1852 ab
762 1811 798 1854 eo
822 1812 861 1852 ex
877 1796 1066 1866 obligatione
1081 1795 1215 1864 exigens
1240 1794 1296 1865 (ita

220 1887 253 1940 in
274 1887 441 1943 donatione
461 1888 493 1942 et
516 1887 745 1957 promissione).
767 1888 951 1964 Contractus
973 1886 1122 1940 dicuntur
1146 1881 1295 1938 aleatorii

222 1977 345 2042 quando
367 1976 587 2031 contrahentes
609 1975 709 2031 aleam
735 1976 852 2031 adeunt
869 1974 926 2046 (ita
949 1974 981 2028 in
999 1975 1094 2042 ludo).
1115 2003 1152 2013 -
1173 1971 1231 2028 Hie
1249 1987 1294 2029 so-

222 2064 381 2120 lummodo
406 2065 443 2119 da
469 2065 586 2130 mutuo,
611 2065 647 2120 de
664 2066 765 2118 asara
787 2066 818 2120 et
842 2066 879 2120 de
902 2062 973 2118 lado
996 2063 1149 2118 nonnulla
1163 2062 1294 2118 dicenda

222 2155 306 2210 aunt.

261 2294 338 2350 1283.
356 2295 407 2351 De
427 2302 566 2352 mutuo.
586 2327 620 2336 -
633 2297 778 2351 Mutuum
795 2295 843 2350 est
857 2295 1035 2350 contractus
1059 2307 1214 2349 onerosus
1235 2307 1294 2362 quo

222 2384 335 2454 aliquis
351 2399 417 2439 rem
433 2385 536 2455 primo
550 2399 608 2440 usu
624 2384 895 2454 consumptibilem
911 2383 1003 2438 alteri
1016 2383 1115 2438 tradit
1129 2397 1205 2438 cum
1219 2382 1296 2438 obli-

222 2474 347 2541 gatione
375 2487 442 2528 rem
475 2473 610 2528 similem
644 2473 794 2528 reddendi
821 2475 941 2528 statuto
969 2473 1110 2542 tempore
1140 2475 1238 2540 atque
1262 2471 1295 2526 in

222 2561 328 2628 eadem
345 2562 447 2632 specle
468 2564 500 2616 et
513 2561 666 2617 bonitate.
690 2560 851 2629 Objectum
867 2561 970 2616 mutui
986 2564 1060 2616 sunt
1082 2559 1294 2634 frumentum,

222 2651 331 2725 vinum
348 2654 379 2704 et
392 2651 453 2704 alla
463 2649 629 2718 eJusmodi‚
646 2653 678 2705 et
692 2651 786 2705 etiam
799 2651 964 2719 argentum
980 2649 1046 2705 sive
1056 2650 1207 2720 pecunia;
1223 2663 1294 2704 narn

221 2754 280 2796 usu
295 2742 524 2795 consumuntur
542 2743 598 2796 aut
617 2741 728 2796 saltem
743 2741 923 2796 alienantur
938 2741 976 2810 (si
991 2741 1097 2810 agitur
1110 2739 1148 2795 de
1162 2738 1296 2810 pecunia

220 2830 272 2890 vel
292 2828 445 2898 argento).
471 2832 567 2884 Porro
592 2829 723 2898 quaestio
748 2829 882 2884 difficilis
905 2833 1051 2886 movetur
1076 2829 1114 2884 de
1136 2831 1293 2897 argento:

221 2919 332 2974 Utrum
353 2917 445 2974 liceat
460 2919 582 2973 lucrum
604 2919 682 2986 (slve
708 2932 836 2973 usuram
860 2920 923 2974 lato
948 2919 1053 2989 sensu)
1069 2919 1236 2990 percipere
1258 2931 1295 2973 ex

220 3009 342 3070 mutuo,
360 3008 391 3062 et
410 3007 484 3075 quid
508 3007 684 3076 requiritur
698 3009 734 3061 ut
757 3007 879 3062 lucrum
900 3006 1056 3075 ejusmodi
1079 3008 1122 3063 sit
1144 3005 1293 3063 licitum?

221 3097 270 3151 Sic
285 3094 514 3166 respondetur:

257 3214 377 3268 Tussis.
394 3243 428 3250 -
444 3210 515 3264 Non
531 3209 601 3266 ticet
616 3209 741 3266 ineram
760 3227 797 3265 ea
812 3213 921 3266 maino
935 3212 1098 3285 percipere
1112 3211 1146 3266 ai
1164 3229 1224 3268 sea
1240 3230 1294 3268 ra·

221 3300 303 3354 tione
328 3298 454 3363 matai;
476 3299 581 3354 —sed
604 3297 690 3354 licita
715 3302 759 3354 est
781 3297 936 3372 perceptio
960 3299 1042 3356 lueri
1064 3317 1103 3356 ea
1122 3303 1247 3372 mutuo,
1267 3301 1295 3357 si

221 3386 303 3444 adsit
319 3387 432 3460 aliquis
446 3387 557 3444 titalas
570 3387 773 3443 eatrinsecas.
792 3419 823 3432 -
840 3387 998 3459 Alioquin,
1020 3390 1146 3444 lucram
1160 3407 1294 3464 percep-

218 3487 286 3538 tam
301 3479 346 3531 est
361 3493 460 3533 asara
473 3475 600 3550 proprie
615 3475 709 3532 dicta.
722 3509 756 3518 -
766 3477 950 3532 Generatim
965 3477 1124 3550 loquendo,
1136 3478 1166 3535 si
1181 3495 1293 3553 arpen·

219 3563 286 3619 tane
302 3565 350 3620 cet
364 3564 498 3638 capitale
514 3583 577 3620 non
598 3569 643 3620 est
665 3564 797 3636 majoris
817 3565 935 3621 caloris
958 3570 1052 3637 qaam
1077 3567 1165 3624 labor
1185 3568 1241 3641 qai
1259 3586 1292 3625 eo

217 3654 321 3710 atitnr
335 3656 376 3710 ad
395 3657 517 3727 fractas
541 3655 763 3728 producendas,
780 3672 843 3712 non
862 3656 932 3712 lieet
953 3675 990 3712 ea
1013 3659 1068 3714 boc
1087 3665 1220 3732 arpenta
1245 3663 1293 3718 ael

219 3735 347 3818 capitati
361 3745 520 3818 percipere
541 3746 666 3802 lacrum
682 3745 787 3817 majas
807 3744 942 3802 dimidia
958 3749 1047 3816 parte
1060 3749 1239 3819 fructuum.
1256 3781 1289 3794 -
