<?xml version="1.0" encoding="UTF-8"?>
<!DOCTYPE html PUBLIC "-//W3C//DTD XHTML 1.0 Transitional//EN"
    "http://www.w3.org/TR/xhtml1/DTD/xhtml1-transitional.dtd">
<html xmlns="http://www.w3.org/1999/xhtml" xml:lang="en" lang="en">
 <head>
  <title>
</title>
<meta http-equiv="Content-Type" content="text/html;charset=utf-8" />
  <meta name='ocr-system' content='tesseract 3.04.00' />
  <meta name='ocr-capabilities' content='ocr_page ocr_carea ocr_par ocr_line ocrx_word'/>
</head>
<body>
  <div class='ocr_page' id='page_1' title='image "./manualephilosop00blangoog_0020.png"; bbox 0 0 2910 4568; ppageno 0'>
   <div class='ocr_carea' id='block_1_1' title="bbox 240 406 1174 486">
    <p class='ocr_par' dir='ltr' id='par_1_1' title="bbox 240 406 1174 486">
     <span class='ocr_line' id='line_1_1' title="bbox 240 406 1174 486; baseline 0 -23"><span class='ocrx_word' id='word_1_1' title='bbox 240 421 339 463; x_wconf 81' lang='grc'><strong>44444</strong></span> <span class='ocrx_word' id='word_1_2' title='bbox 353 421 444 462; x_wconf 74' lang='grc'><strong>4444.-</strong></span> <span class='ocrx_word' id='word_1_3' title='bbox 457 437 489 448; x_wconf 94' lang='grc'>-</span> <span class='ocrx_word' id='word_1_4' title='bbox 504 421 553 486; x_wconf 69' lang='grc'><strong>4444</strong></span> <span class='ocrx_word' id='word_1_5' title='bbox 567 411 630 472; x_wconf 83' lang='grc'><strong>744,</strong></span> <span class='ocrx_word' id='word_1_6' title='bbox 646 409 710 470; x_wconf 87' lang='grc'><strong>744,</strong></span> <span class='ocrx_word' id='word_1_7' title='bbox 726 407 790 470; x_wconf 77' lang='grc'><strong>742,</strong></span> <span class='ocrx_word' id='word_1_8' title='bbox 805 407 868 465; x_wconf 89' lang='grc'><strong>743.</strong></span> <span class='ocrx_word' id='word_1_9' title='bbox 884 406 945 470; x_wconf 83' lang='grc'><strong>744,</strong></span> <span class='ocrx_word' id='word_1_10' title='bbox 963 407 1026 461; x_wconf 81' lang='grc'><strong>745.</strong></span> <span class='ocrx_word' id='word_1_11' title='bbox 1141 411 1174 464; x_wconf 89' lang='grc'><strong>47</strong></span> 
     </span>
    </p>
   </div>
   <div class='ocr_carea' id='block_1_2' title="bbox 114 531 1173 776">
    <p class='ocr_par' dir='ltr' id='par_1_2' title="bbox 114 531 1173 776">
     <span class='ocr_line' id='line_1_2' title="bbox 148 531 1173 604; baseline 0.003 -18"><span class='ocrx_word' id='word_1_12' title='bbox 148 531 228 604; x_wconf 80' lang='lat' dir='ltr'>Resp.</span> <span class='ocrx_word' id='word_1_13' title='bbox 249 564 282 572; x_wconf 88' lang='lat'><em>-</em></span> <span class='ocrx_word' id='word_1_14' title='bbox 298 534 397 587; x_wconf 81' lang='lat' dir='ltr'>Causa</span> <span class='ocrx_word' id='word_1_15' title='bbox 416 531 559 588; x_wconf 77' lang='lat' dir='ltr'>formalis</span> <span class='ocrx_word' id='word_1_16' title='bbox 574 533 717 604; x_wconf 91' lang='lat' dir='ltr'>corporis</span> <span class='ocrx_word' id='word_1_17' title='bbox 741 545 803 586; x_wconf 91' lang='lat' dir='ltr'><strong>non</strong></span> <span class='ocrx_word' id='word_1_18' title='bbox 819 533 867 586; x_wconf 86' lang='lat' dir='ltr'><strong>est</strong></span> <span class='ocrx_word' id='word_1_19' title='bbox 882 533 1065 594; x_wconf 89' lang='lat' dir='ltr'>materialis,</span> <span class='ocrx_word' id='word_1_20' title='bbox 1082 535 1173 602; x_wconf 82' lang='grc'><strong>44444</strong></span> 
     </span>
     <span class='ocr_line' id='line_1_3' title="bbox 114 619 1173 690; baseline 0.002 -14"><span class='ocrx_word' id='word_1_21' title='bbox 114 621 246 678; x_wconf 75' lang='grc'><strong>4444444444</strong></span> <span class='ocrx_word' id='word_1_22' title='bbox 269 623 301 676; x_wconf 91' lang='grc'><strong>44</strong></span> <span class='ocrx_word' id='word_1_23' title='bbox 323 619 473 690; x_wconf 84' lang='lat' dir='ltr'>potentiae</span> <span class='ocrx_word' id='word_1_24' title='bbox 496 635 556 677; x_wconf 87' lang='lat' dir='ltr'><strong>non</strong></span> <span class='ocrx_word' id='word_1_25' title='bbox 584 621 764 677; x_wconf 87' lang='lat' dir='ltr'>limitantur</span> <span class='ocrx_word' id='word_1_26' title='bbox 786 633 929 690; x_wconf 89' lang='lat' dir='ltr'>corpore.</span> <span class='ocrx_word' id='word_1_27' title='bbox 950 620 1042 690; x_wconf 85' lang='lat' dir='ltr'>Atqui</span> <span class='ocrx_word' id='word_1_28' title='bbox 1067 623 1173 678; x_wconf 91' lang='lat' dir='ltr'>anima</span> 
     </span>
     <span class='ocr_line' id='line_1_4' title="bbox 115 708 483 776; baseline -0.003 -13"><span class='ocrx_word' id='word_1_29' title='bbox 115 711 240 766; x_wconf 86' lang='lat' dir='ltr'>hnmana</span> <span class='ocrx_word' id='word_1_30' title='bbox 257 711 305 765; x_wconf 91' lang='lat' dir='ltr'><strong>est</strong></span> <span class='ocrx_word' id='word_1_31' title='bbox 319 708 483 776; x_wconf 86' lang='lat' dir='ltr'>ejusmodi.</span> 
     </span>
    </p>
   </div>
   <div class='ocr_carea' id='block_1_3' title="bbox 146 807 1172 878">
    <p class='ocr_par' dir='ltr' id='par_1_3' title="bbox 146 807 1172 878">
     <span class='ocr_line' id='line_1_5' title="bbox 146 807 1172 878; baseline 0.001 -16"><span class='ocrx_word' id='word_1_32' title='bbox 146 807 173 862; x_wconf 83' lang='lat'><strong>20</strong></span> <span class='ocrx_word' id='word_1_33' title='bbox 187 809 289 863; x_wconf 83' lang='lat' dir='ltr'>Anima</span> <span class='ocrx_word' id='word_1_34' title='bbox 313 809 451 862; x_wconf 85' lang='lat' dir='ltr'>humana</span> <span class='ocrx_word' id='word_1_35' title='bbox 475 809 603 862; x_wconf 92' lang='lat' dir='ltr'>omnino</span> <span class='ocrx_word' id='word_1_36' title='bbox 628 808 781 876; x_wconf 77' lang='lat' dir='ltr'>dependet</span> <span class='ocrx_word' id='word_1_37' title='bbox 805 821 823 860; x_wconf 87' lang='grc'><strong>4</strong></span> <span class='ocrx_word' id='word_1_38' title='bbox 844 821 975 877; x_wconf 88' lang='lat' dir='ltr'>corpore</span> <span class='ocrx_word' id='word_1_39' title='bbox 999 811 1032 863; x_wconf 90' lang='grc'><strong>44</strong></span> <span class='ocrx_word' id='word_1_40' title='bbox 1045 810 1172 878; x_wconf 81' lang='lat' dir='ltr'>organis</span> 
     </span>
    </p>
   </div>
   <div class='ocr_carea' id='block_1_4' title="bbox 24 893 1171 966">
    <p class='ocr_par' dir='ltr' id='par_1_4' title="bbox 24 893 1171 966">
     <span class='ocr_line' id='line_1_6' title="bbox 24 893 1171 966; baseline 0.002 -16"><span class='ocrx_word' id='word_1_41' title='bbox 24 893 27 898; x_wconf 83' lang='lat'>&#39;</span> <span class='ocrx_word' id='word_1_42' title='bbox 114 897 150 952; x_wconf 88' lang='grc'><strong>44</strong></span> <span class='ocrx_word' id='word_1_43' title='bbox 159 898 254 952; x_wconf 88' lang='lat' dir='ltr'>actum</span> <span class='ocrx_word' id='word_1_44' title='bbox 269 897 466 966; x_wconf 86' lang='lat' dir='ltr'>intelligendi</span> <span class='ocrx_word' id='word_1_45' title='bbox 482 897 684 961; x_wconf 88' lang='lat' dir='ltr'>eliciendum;</span> <span class='ocrx_word' id='word_1_46' title='bbox 702 896 782 950; x_wconf 89' lang='lat' dir='ltr'>unde</span> <span class='ocrx_word' id='word_1_47' title='bbox 798 897 885 951; x_wconf 88' lang='grc'><strong>44444</strong></span> <span class='ocrx_word' id='word_1_48' title='bbox 898 897 1092 966; x_wconf 80' lang='lat' dir='ltr'>intelligendi</span> <span class='ocrx_word' id='word_1_49' title='bbox 1110 913 1171 953; x_wconf 89' lang='lat' dir='ltr'>nou</span> 
     </span>
    </p>
   </div>
   <div class='ocr_carea' id='block_1_5' title="bbox 114 985 879 1056">
    <p class='ocr_par' dir='ltr' id='par_1_5' title="bbox 114 985 879 1056">
     <span class='ocr_line' id='line_1_7' title="bbox 114 985 879 1056; baseline -0.003 -16"><span class='ocrx_word' id='word_1_50' title='bbox 114 987 158 1041; x_wconf 92' lang='lat' dir='ltr'><strong>est</strong></span> <span class='ocrx_word' id='word_1_51' title='bbox 174 986 396 1046; x_wconf 87' lang='lat' dir='ltr'>immaterialis,</span> <span class='ocrx_word' id='word_1_52' title='bbox 413 999 512 1054; x_wconf 91' lang='lat' dir='ltr'>neque</span> <span class='ocrx_word' id='word_1_53' title='bbox 527 986 658 1056; x_wconf 87' lang='lat' dir='ltr'>proinde</span> <span class='ocrx_word' id='word_1_54' title='bbox 678 985 786 1040; x_wconf 90' lang='lat' dir='ltr'>anima</span> <span class='ocrx_word' id='word_1_55' title='bbox 802 985 879 1056; x_wconf 91' lang='lat' dir='ltr'>ipsa.</span> 
     </span>
    </p>
   </div>
   <div class='ocr_carea' id='block_1_6' title="bbox 109 1081 1174 1850">
    <p class='ocr_par' dir='ltr' id='par_1_6' title="bbox 109 1081 1172 1596">
     <span class='ocr_line' id='line_1_8' title="bbox 146 1081 1172 1156; baseline 0.003 -19"><span class='ocrx_word' id='word_1_56' title='bbox 146 1081 228 1156; x_wconf 78' lang='lat' dir='ltr'>Resp.</span> <span class='ocrx_word' id='word_1_57' title='bbox 243 1115 276 1122; x_wconf 99' lang='lat'><em>-</em></span> <span class='ocrx_word' id='word_1_58' title='bbox 293 1086 363 1138; x_wconf 84' lang='lat' dir='ltr'>Haeo</span> <span class='ocrx_word' id='word_1_59' title='bbox 382 1084 589 1152; x_wconf 77' lang='lat' dir='ltr'>dependentia</span> <span class='ocrx_word' id='word_1_60' title='bbox 607 1083 786 1139; x_wconf 75' lang='lat' dir='ltr'>intellectis</span> <span class='ocrx_word' id='word_1_61' title='bbox 808 1097 826 1138; x_wconf 96' lang='grc'><strong>4</strong></span> <span class='ocrx_word' id='word_1_62' title='bbox 848 1084 992 1138; x_wconf 83' lang='lat' dir='ltr'>sensibus</span> <span class='ocrx_word' id='word_1_63' title='bbox 1015 1088 1064 1140; x_wconf 90' lang='lat' dir='ltr'><strong>est</strong></span> <span class='ocrx_word' id='word_1_64' title='bbox 1086 1085 1172 1140; x_wconf 92' lang='lat' dir='ltr'>indi-</span> 
     </span>
     <span class='ocr_line' id='line_1_9' title="bbox 112 1171 1171 1244; baseline 0.002 -18"><span class='ocrx_word' id='word_1_65' title='bbox 112 1173 235 1228; x_wconf 79' lang='lat' dir='ltr'>recinet</span> <span class='ocrx_word' id='word_1_66' title='bbox 257 1171 424 1239; x_wconf 87' lang='lat' dir='ltr'>objectiva,</span> <span class='ocrx_word' id='word_1_67' title='bbox 440 1187 502 1228; x_wconf 90' lang='lat' dir='ltr'><strong>non</strong></span> <span class='ocrx_word' id='word_1_68' title='bbox 524 1175 629 1228; x_wconf 88' lang='lat' dir='ltr'>autem</span> <span class='ocrx_word' id='word_1_69' title='bbox 653 1172 848 1240; x_wconf 88' lang='lat' dir='ltr'>subjectiva:</span> <span class='ocrx_word' id='word_1_70' title='bbox 866 1172 972 1228; x_wconf 84' lang='lat' dir='ltr'>oritur</span> <span class='ocrx_word' id='word_1_71' title='bbox 999 1187 1111 1244; x_wconf 88' lang='lat' dir='ltr'>nempe</span> <span class='ocrx_word' id='word_1_72' title='bbox 1132 1189 1171 1228; x_wconf 89' lang='lat' dir='ltr'><strong>ex</strong></span> 
     </span>
     <span class='ocr_line' id='line_1_10' title="bbox 111 1260 1171 1333; baseline 0.001 -18"><span class='ocrx_word' id='word_1_73' title='bbox 111 1263 217 1317; x_wconf 91' lang='lat' dir='ltr'>unione</span> <span class='ocrx_word' id='word_1_74' title='bbox 235 1262 347 1316; x_wconf 85' lang='lat' dir='ltr'>animae</span> <span class='ocrx_word' id='word_1_75' title='bbox 363 1275 433 1315; x_wconf 90' lang='lat' dir='ltr'><strong>cum</strong></span> <span class='ocrx_word' id='word_1_76' title='bbox 457 1275 597 1332; x_wconf 82' lang='lat' dir='ltr'>corpore,</span> <span class='ocrx_word' id='word_1_77' title='bbox 622 1261 683 1329; x_wconf 94' lang='grc'><strong>444</strong></span> <span class='ocrx_word' id='word_1_78' title='bbox 702 1260 739 1314; x_wconf 89' lang='grc'><strong>444</strong></span> <span class='ocrx_word' id='word_1_79' title='bbox 754 1263 789 1316; x_wconf 90' lang='lat' dir='ltr'>ut</span> <span class='ocrx_word' id='word_1_80' title='bbox 799 1262 978 1317; x_wconf 88' lang='lat' dir='ltr'>intellectus</span> <span class='ocrx_word' id='word_1_81' title='bbox 994 1276 1056 1317; x_wconf 90' lang='grc'><strong>444</strong></span> <span class='ocrx_word' id='word_1_82' title='bbox 1071 1264 1171 1333; x_wconf 87' lang='lat' dir='ltr'>possit</span> 
     </span>
     <span class='ocr_line' id='line_1_11' title="bbox 109 1349 1172 1420; baseline 0.003 -18"><span class='ocrx_word' id='word_1_83' title='bbox 109 1351 275 1420; x_wconf 82' lang='lat' dir='ltr'>intelligere</span> <span class='ocrx_word' id='word_1_84' title='bbox 304 1351 371 1406; x_wconf 88' lang='lat' dir='ltr'>sine</span> <span class='ocrx_word' id='word_1_85' title='bbox 392 1351 622 1420; x_wconf 80' lang='lat' dir='ltr'>phantasmate,</span> <span class='ocrx_word' id='word_1_86' title='bbox 646 1350 729 1405; x_wconf 88' lang='lat' dir='ltr'>sient</span> <span class='ocrx_word' id='word_1_87' title='bbox 753 1350 838 1405; x_wconf 83' lang='lat' dir='ltr'>inira</span> <span class='ocrx_word' id='word_1_88' title='bbox 863 1350 1084 1420; x_wconf 81' lang='lat' dir='ltr'>explicabitur.</span> <span class='ocrx_word' id='word_1_89' title='bbox 1114 1349 1172 1406; x_wconf 87' lang='lat' dir='ltr'>Sed</span> 
     </span>
     <span class='ocr_line' id='line_1_12' title="bbox 109 1439 1171 1510; baseline 0.002 -17"><span class='ocrx_word' id='word_1_90' title='bbox 109 1439 214 1494; x_wconf 83' lang='lat' dir='ltr'>exinde</span> <span class='ocrx_word' id='word_1_91' title='bbox 233 1453 294 1495; x_wconf 90' lang='lat' dir='ltr'><strong>non</strong></span> <span class='ocrx_word' id='word_1_92' title='bbox 324 1439 468 1508; x_wconf 89' lang='lat' dir='ltr'>sequitur</span> <span class='ocrx_word' id='word_1_93' title='bbox 486 1439 592 1494; x_wconf 89' lang='lat' dir='ltr'>actum</span> <span class='ocrx_word' id='word_1_94' title='bbox 608 1439 804 1508; x_wconf 83' lang='lat' dir='ltr'>intelligendi</span> <span class='ocrx_word' id='word_1_95' title='bbox 825 1440 965 1495; x_wconf 78' lang='lat' dir='ltr'>exerceri</span> <span class='ocrx_word' id='word_1_96' title='bbox 981 1453 1039 1510; x_wconf 91' lang='lat' dir='ltr'><strong>per</strong></span> <span class='ocrx_word' id='word_1_97' title='bbox 1058 1453 1171 1510; x_wconf 89' lang='lat' dir='ltr'>corpus</span> 
     </span>
     <span class='ocr_line' id='line_1_13' title="bbox 112 1529 317 1596; baseline -0.005 -14"><span class='ocrx_word' id='word_1_98' title='bbox 112 1529 143 1583; x_wconf 91' lang='lat' dir='ltr'><strong>et</strong></span> <span class='ocrx_word' id='word_1_99' title='bbox 157 1542 317 1596; x_wconf 81' lang='lat' dir='ltr'>organum.</span> 
     </span>
    </p>

    <p class='ocr_par' dir='ltr' id='par_1_7' title="bbox 110 1617 1174 1850">
     <span class='ocr_line' id='line_1_14' title="bbox 142 1617 1173 1688; baseline -0.002 -16"><span class='ocrx_word' id='word_1_100' title='bbox 142 1617 172 1672; x_wconf 86' lang='lat'><strong>3⁰</strong></span> <span class='ocrx_word' id='word_1_101' title='bbox 188 1617 318 1672; x_wconf 88' lang='lat' dir='ltr'>Videtur</span> <span class='ocrx_word' id='word_1_102' title='bbox 331 1617 414 1684; x_wconf 88' lang='grc'><strong>4444</strong></span> <span class='ocrx_word' id='word_1_103' title='bbox 439 1617 572 1672; x_wconf 86' lang='lat' dir='ltr'>materia</span> <span class='ocrx_word' id='word_1_104' title='bbox 594 1617 638 1672; x_wconf 91' lang='lat' dir='ltr'><strong>sit</strong></span> <span class='ocrx_word' id='word_1_105' title='bbox 659 1631 757 1688; x_wconf 88' lang='lat' dir='ltr'>capax</span> <span class='ocrx_word' id='word_1_106' title='bbox 778 1618 999 1686; x_wconf 81' lang='lat' dir='ltr'>cogitationis;</span> <span class='ocrx_word' id='word_1_107' title='bbox 1016 1629 1087 1671; x_wconf 85' lang='lat' dir='ltr'><strong>nam</strong></span> <span class='ocrx_word' id='word_1_108' title='bbox 1103 1631 1173 1672; x_wconf 91' lang='lat' dir='ltr'>con-</span> 
     </span>
     <span class='ocr_line' id='line_1_15' title="bbox 110 1705 1174 1774; baseline -0.001 -14"><span class='ocrx_word' id='word_1_109' title='bbox 110 1705 206 1760; x_wconf 83' lang='lat' dir='ltr'>currit</span> <span class='ocrx_word' id='word_1_110' title='bbox 222 1707 261 1762; x_wconf 90' lang='grc'><strong>44</strong></span> <span class='ocrx_word' id='word_1_111' title='bbox 277 1720 385 1761; x_wconf 90' lang='lat' dir='ltr'>omnes</span> <span class='ocrx_word' id='word_1_112' title='bbox 406 1708 495 1762; x_wconf 88' lang='grc'><strong>44444</strong></span> <span class='ocrx_word' id='word_1_113' title='bbox 519 1707 594 1762; x_wconf 86' lang='lat' dir='ltr'>vitae</span> <span class='ocrx_word' id='word_1_114' title='bbox 618 1706 817 1774; x_wconf 80' lang='lat' dir='ltr'>vegetativae,</span> <span class='ocrx_word' id='word_1_115' title='bbox 843 1707 1002 1762; x_wconf 86' lang='grc'><strong>4444444444</strong></span> <span class='ocrx_word' id='word_1_116' title='bbox 1026 1706 1058 1760; x_wconf 91' lang='grc'><strong>44</strong></span> <span class='ocrx_word' id='word_1_117' title='bbox 1081 1706 1174 1760; x_wconf 86' lang='grc'><strong>44444·</strong></span> 
     </span>
     <span class='ocr_line' id='line_1_16' title="bbox 110 1795 235 1850; baseline -0.008 -1"><span class='ocrx_word' id='word_1_118' title='bbox 110 1795 235 1850; x_wconf 83' lang='lat' dir='ltr'>leetivae.</span> 
     </span>
    </p>
   </div>
   <div class='ocr_carea' id='block_1_7' title="bbox 110 1890 1175 2317">
    <p class='ocr_par' dir='ltr' id='par_1_8' title="bbox 110 1890 1175 2317">
     <span class='ocr_line' id='line_1_17' title="bbox 144 1890 1174 1964; baseline 0 -18"><span class='ocrx_word' id='word_1_119' title='bbox 144 1890 235 1964; x_wconf 74' lang='lat' dir='ltr'>Hesp,</span> <span class='ocrx_word' id='word_1_120' title='bbox 255 1924 289 1932; x_wconf 94' lang='lat'>—</span> <span class='ocrx_word' id='word_1_121' title='bbox 303 1893 435 1948; x_wconf 87' lang='lat' dir='ltr'>Materia</span> <span class='ocrx_word' id='word_1_122' title='bbox 450 1894 499 1948; x_wconf 89' lang='lat' dir='ltr'><strong>est</strong></span> <span class='ocrx_word' id='word_1_123' title='bbox 513 1893 704 1964; x_wconf 90' lang='lat' dir='ltr'>principium</span> <span class='ocrx_word' id='word_1_124' title='bbox 725 1893 894 1962; x_wconf 89' lang='lat' dir='ltr'>passivum,</span> <span class='ocrx_word' id='word_1_125' title='bbox 912 1907 973 1948; x_wconf 92' lang='lat' dir='ltr'><strong>non</strong></span> <span class='ocrx_word' id='word_1_126' title='bbox 990 1895 1066 1948; x_wconf 86' lang='grc'><strong>4444</strong></span> <span class='ocrx_word' id='word_1_127' title='bbox 1080 1893 1174 1963; x_wconf 92' lang='lat' dir='ltr'>prin-</span> 
     </span>
     <span class='ocr_line' id='line_1_18' title="bbox 111 1981 1173 2051; baseline 0.002 -17"><span class='ocrx_word' id='word_1_128' title='bbox 111 1982 222 2051; x_wconf 86' lang='lat' dir='ltr'>cipium</span> <span class='ocrx_word' id='word_1_129' title='bbox 243 1981 383 2036; x_wconf 86' lang='lat' dir='ltr'>activum</span> <span class='ocrx_word' id='word_1_130' title='bbox 409 1982 575 2049; x_wconf 82' lang='lat' dir='ltr'>vegetandi</span> <span class='ocrx_word' id='word_1_131' title='bbox 603 1983 634 2036; x_wconf 92' lang='lat' dir='ltr'><strong>et</strong></span> <span class='ocrx_word' id='word_1_132' title='bbox 653 1982 823 2043; x_wconf 78' lang='lat' dir='ltr'>sentiendi:</span> <span class='ocrx_word' id='word_1_133' title='bbox 844 1981 931 2038; x_wconf 92' lang='lat' dir='ltr'>nullo</span> <span class='ocrx_word' id='word_1_134' title='bbox 952 1983 1043 2038; x_wconf 93' lang='lat' dir='ltr'>modo</span> <span class='ocrx_word' id='word_1_135' title='bbox 1067 1982 1173 2037; x_wconf 83' lang='lat' dir='ltr'>autern</span> 
     </span>
     <span class='ocr_line' id='line_1_19' title="bbox 111 2070 1174 2140; baseline 0.001 -16"><span class='ocrx_word' id='word_1_136' title='bbox 111 2072 157 2124; x_wconf 89' lang='grc'><strong>444</strong></span> <span class='ocrx_word' id='word_1_137' title='bbox 184 2070 374 2140; x_wconf 84' lang='lat' dir='ltr'>principium</span> <span class='ocrx_word' id='word_1_138' title='bbox 399 2070 606 2138; x_wconf 82' lang='lat' dir='ltr'>intelligendi,</span> <span class='ocrx_word' id='word_1_139' title='bbox 635 2070 779 2138; x_wconf 88' lang='lat' dir='ltr'>quamvis</span> <span class='ocrx_word' id='word_1_140' title='bbox 813 2071 981 2126; x_wconf 85' lang='lat' dir='ltr'>concurrat</span> <span class='ocrx_word' id='word_1_141' title='bbox 1007 2071 1049 2126; x_wconf 89' lang='grc'><strong>44</strong></span> <span class='ocrx_word' id='word_1_142' title='bbox 1075 2071 1174 2126; x_wconf 87' lang='lat' dir='ltr'>vitam</span> 
     </span>
     <span class='ocr_line' id='line_1_20' title="bbox 110 2159 1175 2230; baseline 0 -16"><span class='ocrx_word' id='word_1_143' title='bbox 110 2159 299 2219; x_wconf 81' lang='lat' dir='ltr'>sensitivam,</span> <span class='ocrx_word' id='word_1_144' title='bbox 309 2161 436 2227; x_wconf 81' lang='lat' dir='ltr'>quaeest</span> <span class='ocrx_word' id='word_1_145' title='bbox 449 2159 523 2214; x_wconf 86' lang='lat' dir='ltr'>vitae</span> <span class='ocrx_word' id='word_1_146' title='bbox 538 2159 749 2222; x_wconf 72' lang='lat' dir='ltr'>intellectiva,</span> <span class='ocrx_word' id='word_1_147' title='bbox 762 2159 926 2230; x_wconf 78' lang='lat' dir='ltr'>supposita</span> <span class='ocrx_word' id='word_1_148' title='bbox 935 2160 1052 2214; x_wconf 90' lang='lat' dir='ltr'>unione</span> <span class='ocrx_word' id='word_1_149' title='bbox 1062 2160 1175 2214; x_wconf 83' lang='lat' dir='ltr'>animae</span> 
     </span>
     <span class='ocr_line' id='line_1_21' title="bbox 110 2245 737 2317; baseline -0.006 -15"><span class='ocrx_word' id='word_1_150' title='bbox 110 2261 176 2302; x_wconf 88' lang='lat' dir='ltr'><strong>cum</strong></span> <span class='ocrx_word' id='word_1_151' title='bbox 197 2245 539 2317; x_wconf 83' lang='lat' dir='ltr'>corpore,nauuraliter</span> <span class='ocrx_word' id='word_1_152' title='bbox 553 2247 737 2300; x_wconf 87' lang='lat' dir='ltr'>necessaria.</span> 
     </span>
    </p>
   </div>
   <div class='ocr_carea' id='block_1_8' title="bbox 106 2381 1178 2717">
    <p class='ocr_par' dir='ltr' id='par_1_9' title="bbox 106 2381 1178 2717">
     <span class='ocr_line' id='line_1_22' title="bbox 140 2381 1176 2436; baseline 0 0"><span class='ocrx_word' id='word_1_153' title='bbox 140 2381 202 2436; x_wconf 88' lang='grc'><strong>744.</strong></span> <span class='ocrx_word' id='word_1_154' title='bbox 223 2381 356 2436; x_wconf 86' lang='lat' dir='ltr'>Anima</span> <span class='ocrx_word' id='word_1_155' title='bbox 369 2381 529 2436; x_wconf 83' lang='lat' dir='ltr'>humane</span> <span class='ocrx_word' id='word_1_156' title='bbox 543 2385 601 2436; x_wconf 83' lang='lat' dir='ltr'><strong>est</strong></span> <span class='ocrx_word' id='word_1_157' title='bbox 613 2381 839 2436; x_wconf 82' lang='lat' dir='ltr'>immortalis.</span> <span class='ocrx_word' id='word_1_158' title='bbox 854 2410 888 2421; x_wconf 97' lang='lat'>—</span> <span class='ocrx_word' id='word_1_159' title='bbox 905 2381 969 2435; x_wconf 84' lang='lat' dir='ltr'>Alia</span> <span class='ocrx_word' id='word_1_160' title='bbox 987 2381 1036 2435; x_wconf 88' lang='lat' dir='ltr'><strong>est</strong></span> <span class='ocrx_word' id='word_1_161' title='bbox 1049 2381 1176 2436; x_wconf 89' lang='lat' dir='ltr'>immor-</span> 
     </span>
     <span class='ocr_line' id='line_1_23' title="bbox 106 2469 1178 2539; baseline -0.001 -15"><span class='ocrx_word' id='word_1_162' title='bbox 106 2471 209 2526; x_wconf 86' lang='lat' dir='ltr'>talitas</span> <span class='ocrx_word' id='word_1_163' title='bbox 223 2471 358 2534; x_wconf 74' lang='lat' dir='ltr'>naturae,</span> <span class='ocrx_word' id='word_1_164' title='bbox 375 2483 442 2537; x_wconf 89' lang='lat' dir='ltr'>quae</span> <span class='ocrx_word' id='word_1_165' title='bbox 458 2470 714 2539; x_wconf 87' lang='lat' dir='ltr'>spiritualitatem</span> <span class='ocrx_word' id='word_1_166' title='bbox 734 2471 945 2538; x_wconf 86' lang='lat' dir='ltr'>consequitur,</span> <span class='ocrx_word' id='word_1_167' title='bbox 974 2476 1008 2522; x_wconf 87' lang='lat' dir='ltr'>ut</span> <span class='ocrx_word' id='word_1_168' title='bbox 1032 2470 1128 2538; x_wconf 89' lang='lat' dir='ltr'>petet,</span> <span class='ocrx_word' id='word_1_169' title='bbox 1145 2469 1178 2523; x_wconf 87' lang='grc'><strong>44</strong></span> 
     </span>
     <span class='ocr_line' id='line_1_24' title="bbox 107 2557 1175 2629; baseline -0.003 -15"><span class='ocrx_word' id='word_1_170' title='bbox 107 2560 165 2614; x_wconf 89' lang='grc'><strong>4444</strong></span> <span class='ocrx_word' id='word_1_171' title='bbox 179 2559 401 2614; x_wconf 88' lang='lat' dir='ltr'>immortalitas</span> <span class='ocrx_word' id='word_1_172' title='bbox 410 2557 498 2629; x_wconf 81' lang='lat' dir='ltr'>facti,</span> <span class='ocrx_word' id='word_1_173' title='bbox 510 2559 572 2628; x_wconf 88' lang='grc'><strong>444</strong></span> <span class='ocrx_word' id='word_1_174' title='bbox 586 2559 733 2613; x_wconf 85' lang='grc'><strong>44444444</strong></span> <span class='ocrx_word' id='word_1_175' title='bbox 752 2559 960 2613; x_wconf 87' lang='lat' dir='ltr'>conservatur</span> <span class='ocrx_word' id='word_1_176' title='bbox 974 2559 1006 2612; x_wconf 94' lang='lat' dir='ltr'><strong>in</strong></span> <span class='ocrx_word' id='word_1_177' title='bbox 1021 2558 1175 2614; x_wconf 83' lang='lat' dir='ltr'>aeternum</span> 
     </span>
     <span class='ocr_line' id='line_1_25' title="bbox 107 2647 1176 2717; baseline 0 -15"><span class='ocrx_word' id='word_1_178' title='bbox 107 2647 249 2704; x_wconf 82' lang='grc'><strong>404444</strong></span> <span class='ocrx_word' id='word_1_179' title='bbox 274 2647 386 2717; x_wconf 76' lang='lat' dir='ltr'>prima.</span> <span class='ocrx_word' id='word_1_180' title='bbox 413 2650 511 2704; x_wconf 84' lang='lat' dir='ltr'>Porro</span> <span class='ocrx_word' id='word_1_181' title='bbox 544 2647 714 2702; x_wconf 89' lang='lat' dir='ltr'>asserimus</span> <span class='ocrx_word' id='word_1_182' title='bbox 747 2647 883 2702; x_wconf 88' lang='lat' dir='ltr'>animam</span> <span class='ocrx_word' id='word_1_183' title='bbox 919 2647 1088 2700; x_wconf 87' lang='lat' dir='ltr'>humanam</span> <span class='ocrx_word' id='word_1_184' title='bbox 1109 2661 1176 2702; x_wconf 90' lang='lat' dir='ltr'>esse</span> 
     </span>
    </p>
   </div>
   <div class='ocr_carea' id='block_1_9' title="bbox 22 2737 586 2810">
    <p class='ocr_par' dir='ltr' id='par_1_10' title="bbox 22 2737 586 2810">
     <span class='ocr_line' id='line_1_26' title="bbox 22 2737 586 2810; baseline -0.009 -18"><span class='ocrx_word' id='word_1_185' title='bbox 22 2807 23 2810; x_wconf 7' lang='grc' dir='ltr'><strong>Ἴ</strong></span> <span class='ocrx_word' id='word_1_186' title='bbox 107 2737 316 2792; x_wconf 88' lang='lat' dir='ltr'>immortalem</span> <span class='ocrx_word' id='word_1_187' title='bbox 333 2740 467 2804; x_wconf 87' lang='lat' dir='ltr'>utroque</span> <span class='ocrx_word' id='word_1_188' title='bbox 485 2737 586 2792; x_wconf 91' lang='lat' dir='ltr'>modo.</span> 
     </span>
    </p>
   </div>
   <div class='ocr_carea' id='block_1_10' title="bbox 103 2870 1181 3758">
    <p class='ocr_par' dir='ltr' id='par_1_11' title="bbox 103 2870 1181 3652">
     <span class='ocr_line' id='line_1_27' title="bbox 138 2870 1177 2927; baseline -0.003 0"><span class='ocrx_word' id='word_1_189' title='bbox 138 2873 206 2927; x_wconf 89' lang='grc'><strong>745.</strong></span> <span class='ocrx_word' id='word_1_190' title='bbox 231 2870 363 2926; x_wconf 84' lang='lat' dir='ltr'>Anima</span> <span class='ocrx_word' id='word_1_191' title='bbox 387 2870 548 2926; x_wconf 86' lang='lat' dir='ltr'>humana</span> <span class='ocrx_word' id='word_1_192' title='bbox 575 2875 633 2926; x_wconf 83' lang='lat' dir='ltr'><strong>est</strong></span> <span class='ocrx_word' id='word_1_193' title='bbox 656 2870 873 2926; x_wconf 81' lang='lat' dir='ltr'>immortalis</span> <span class='ocrx_word' id='word_1_194' title='bbox 897 2871 1032 2925; x_wconf 71' lang='lat' dir='ltr'>natura</span> <span class='ocrx_word' id='word_1_195' title='bbox 1045 2872 1127 2926; x_wconf 71' lang='grc'><strong>444,</strong></span> <span class='ocrx_word' id='word_1_196' title='bbox 1142 2899 1177 2910; x_wconf 89' lang='grc'>-</span> 
     </span>
     <span class='ocr_line' id='line_1_28' title="bbox 107 2958 1177 3030; baseline -0.002 -14"><span class='ocrx_word' id='word_1_197' title='bbox 107 2962 218 3016; x_wconf 79' lang='lat' dir='ltr'>Anima</span> <span class='ocrx_word' id='word_1_198' title='bbox 233 2959 372 3014; x_wconf 89' lang='lat' dir='ltr'>humana</span> <span class='ocrx_word' id='word_1_199' title='bbox 385 2960 635 3015; x_wconf 86' lang='lat' dir='ltr'>estimmortalis</span> <span class='ocrx_word' id='word_1_200' title='bbox 651 2959 766 3014; x_wconf 87' lang='grc'><strong>444444</strong></span> <span class='ocrx_word' id='word_1_201' title='bbox 787 2958 852 3022; x_wconf 86' lang='grc'><strong>444,</strong></span> <span class='ocrx_word' id='word_1_202' title='bbox 878 2959 904 3014; x_wconf 91' lang='grc'><strong>44</strong></span> <span class='ocrx_word' id='word_1_203' title='bbox 928 2959 1177 3030; x_wconf 84' lang='lat' dir='ltr'>incorruptibilis</span> 
     </span>
     <span class='ocr_line' id='line_1_29' title="bbox 108 3045 1178 3118; baseline -0.004 -13"><span class='ocrx_word' id='word_1_204' title='bbox 108 3053 152 3106; x_wconf 88' lang='grc'><strong>444</strong></span> <span class='ocrx_word' id='word_1_205' title='bbox 166 3050 237 3103; x_wconf 90' lang='lat' dir='ltr'>turn</span> <span class='ocrx_word' id='word_1_206' title='bbox 261 3047 379 3103; x_wconf 88' lang='lat' dir='ltr'>directe</span> <span class='ocrx_word' id='word_1_207' title='bbox 392 3049 460 3102; x_wconf 91' lang='lat' dir='ltr'>tum</span> <span class='ocrx_word' id='word_1_208' title='bbox 481 3049 634 3103; x_wconf 88' lang='lat' dir='ltr'>indirecte</span> <span class='ocrx_word' id='word_1_209' title='bbox 657 3065 664 3102; x_wconf 92' lang='lat'><strong>:</strong></span> <span class='ocrx_word' id='word_1_210' title='bbox 687 3047 815 3111; x_wconf 89' lang='lat' dir='ltr'>directe,</span> <span class='ocrx_word' id='word_1_211' title='bbox 831 3048 862 3101; x_wconf 95' lang='lat' dir='ltr'><strong>id</strong></span> <span class='ocrx_word' id='word_1_212' title='bbox 885 3050 941 3110; x_wconf 87' lang='lat' dir='ltr'>est,</span> <span class='ocrx_word' id='word_1_213' title='bbox 957 3045 1072 3118; x_wconf 79' lang='lat' dir='ltr'>per‘se,</span> <span class='ocrx_word' id='word_1_214' title='bbox 1086 3061 1178 3116; x_wconf 87' lang='lat' dir='ltr'>prop-</span> 
     </span>
     <span class='ocr_line' id='line_1_30' title="bbox 107 3133 1176 3208; baseline -0.002 -17"><span class='ocrx_word' id='word_1_215' title='bbox 107 3139 154 3192; x_wconf 88' lang='lat' dir='ltr'><strong>ter</strong></span> <span class='ocrx_word' id='word_1_216' title='bbox 170 3138 319 3208; x_wconf 90' lang='lat' dir='ltr'>seipsam;</span> <span class='ocrx_word' id='word_1_217' title='bbox 343 3137 507 3202; x_wconf 86' lang='lat' dir='ltr'>indirecte,</span> <span class='ocrx_word' id='word_1_218' title='bbox 523 3137 627 3200; x_wconf 89' lang='lat' dir='ltr'>idest,</span> <span class='ocrx_word' id='word_1_219' title='bbox 643 3153 703 3208; x_wconf 84' lang='lat' dir='ltr'>per</span> <span class='ocrx_word' id='word_1_220' title='bbox 722 3133 875 3201; x_wconf 78' lang='lat' dir='ltr'>accidens,</span> <span class='ocrx_word' id='word_1_221' title='bbox 897 3137 1026 3206; x_wconf 88' lang='lat' dir='ltr'>propter</span> <span class='ocrx_word' id='word_1_222' title='bbox 1052 3149 1176 3204; x_wconf 87' lang='lat' dir='ltr'>corpus,</span> 
     </span>
     <span class='ocr_line' id='line_1_31' title="bbox 107 3225 1179 3296; baseline -0.004 -14"><span class='ocrx_word' id='word_1_223' title='bbox 107 3241 167 3296; x_wconf 90' lang='lat' dir='ltr'><strong>quo</strong></span> <span class='ocrx_word' id='word_1_224' title='bbox 186 3226 344 3294; x_wconf 78' lang='lat' dir='ltr'>indigeret</span> <span class='ocrx_word' id='word_1_225' title='bbox 358 3227 505 3294; x_wconf 86' lang='lat' dir='ltr'>tanquam</span> <span class='ocrx_word' id='word_1_226' title='bbox 522 3225 662 3294; x_wconf 80' lang='lat' dir='ltr'>subjecto</span> <span class='ocrx_word' id='word_1_227' title='bbox 677 3226 715 3280; x_wconf 91' lang='lat' dir='ltr'><strong>ad</strong></span> <span class='ocrx_word' id='word_1_228' title='bbox 732 3225 941 3280; x_wconf 89' lang='lat' dir='ltr'>existendum.</span> <span class='ocrx_word' id='word_1_229' title='bbox 956 3226 1054 3280; x_wconf 83' lang='lat' dir='ltr'>Porro</span> <span class='ocrx_word' id='word_1_230' title='bbox 1073 3225 1179 3278; x_wconf 88' lang='lat' dir='ltr'>anima</span> 
     </span>
     <span class='ocr_line' id='line_1_32' title="bbox 106 3312 1179 3386; baseline -0.002 -16"><span class='ocrx_word' id='word_1_231' title='bbox 106 3315 242 3370; x_wconf 89' lang='lat' dir='ltr'>humana</span> <span class='ocrx_word' id='word_1_232' title='bbox 264 3315 313 3370; x_wconf 90' lang='lat' dir='ltr'><strong>est</strong></span> <span class='ocrx_word' id='word_1_233' title='bbox 340 3315 591 3386; x_wconf 84' lang='lat' dir='ltr'>incorruptibilis</span> <span class='ocrx_word' id='word_1_234' title='bbox 623 3315 750 3377; x_wconf 86' lang='lat' dir='ltr'>directe,</span> <span class='ocrx_word' id='word_1_235' title='bbox 777 3314 851 3381; x_wconf 90' lang='lat' dir='ltr'>qnia</span> <span class='ocrx_word' id='word_1_236' title='bbox 881 3313 1020 3369; x_wconf 82' lang='grc'><strong>44444444</strong></span> <span class='ocrx_word' id='word_1_237' title='bbox 1049 3312 1107 3374; x_wconf 85' lang='grc'><strong>444</strong></span> <span class='ocrx_word' id='word_1_238' title='bbox 1131 3315 1179 3368; x_wconf 87' lang='grc'><strong>444</strong></span> 
     </span>
     <span class='ocr_line' id='line_1_33' title="bbox 105 3400 1179 3474; baseline -0.005 -15"><span class='ocrx_word' id='word_1_239' title='bbox 105 3404 248 3472; x_wconf 86' lang='lat' dir='ltr'>simplex.</span> <span class='ocrx_word' id='word_1_240' title='bbox 269 3404 325 3459; x_wconf 83' lang='lat' dir='ltr'>Est</span> <span class='ocrx_word' id='word_1_241' title='bbox 339 3404 433 3458; x_wconf 84' lang='lat' dir='ltr'>etiarn</span> <span class='ocrx_word' id='word_1_242' title='bbox 453 3403 704 3474; x_wconf 84' lang='lat' dir='ltr'>incorruptibilis</span> <span class='ocrx_word' id='word_1_243' title='bbox 719 3403 881 3465; x_wconf 88' lang='lat' dir='ltr'>indirecte,</span> <span class='ocrx_word' id='word_1_244' title='bbox 898 3402 972 3470; x_wconf 90' lang='grc'><strong>4444</strong></span> <span class='ocrx_word' id='word_1_245' title='bbox 986 3403 1035 3458; x_wconf 88' lang='grc'><strong>444</strong></span> <span class='ocrx_word' id='word_1_246' title='bbox 1058 3400 1179 3456; x_wconf 85' lang='grc'><strong>444444-</strong></span> 
     </span>
     <span class='ocr_line' id='line_1_34' title="bbox 104 3489 1181 3563; baseline -0.004 -16"><span class='ocrx_word' id='word_1_247' title='bbox 104 3494 184 3555; x_wconf 85' lang='lat' dir='ltr'>tens,</span> <span class='ocrx_word' id='word_1_248' title='bbox 217 3505 279 3546; x_wconf 93' lang='lat' dir='ltr'><strong>non</strong></span> <span class='ocrx_word' id='word_1_249' title='bbox 299 3493 442 3561; x_wconf 80' lang='lat' dir='ltr'>indigens</span> <span class='ocrx_word' id='word_1_250' title='bbox 465 3507 594 3563; x_wconf 90' lang='lat' dir='ltr'>corpore</span> <span class='ocrx_word' id='word_1_251' title='bbox 627 3492 665 3547; x_wconf 91' lang='lat' dir='ltr'><strong>ad</strong></span> <span class='ocrx_word' id='word_1_252' title='bbox 690 3491 901 3555; x_wconf 89' lang='lat' dir='ltr'>existendum,</span> <span class='ocrx_word' id='word_1_253' title='bbox 924 3491 994 3544; x_wconf 82' lang='lat' dir='ltr'><strong>oum</strong></span> <span class='ocrx_word' id='word_1_254' title='bbox 1019 3489 1062 3546; x_wconf 89' lang='lat' dir='ltr'><strong>sit</strong></span> <span class='ocrx_word' id='word_1_255' title='bbox 1090 3490 1181 3560; x_wconf 86' lang='lat' dir='ltr'>spiri·</span> 
     </span>
     <span class='ocr_line' id='line_1_35' title="bbox 103 3581 782 3652; baseline -0.003 -16"><span class='ocrx_word' id='word_1_256' title='bbox 103 3581 207 3636; x_wconf 87' lang='lat' dir='ltr'>tualis.</span> <span class='ocrx_word' id='word_1_257' title='bbox 228 3582 319 3649; x_wconf 80' lang='lat' dir='ltr'>Ergo.</span> <span class='ocrx_word' id='word_1_258' title='bbox 338 3582 423 3644; x_wconf 88' lang='lat' dir='ltr'>Quod</span> <span class='ocrx_word' id='word_1_259' title='bbox 441 3583 485 3638; x_wconf 89' lang='grc'><strong>444</strong></span> <span class='ocrx_word' id='word_1_260' title='bbox 500 3583 637 3652; x_wconf 86' lang='lat' dir='ltr'>explicat</span> <span class='ocrx_word' id='word_1_261' title='bbox 652 3582 684 3636; x_wconf 88' lang='lat' dir='ltr'><strong>S.</strong></span> <span class='ocrx_word' id='word_1_262' title='bbox 704 3581 782 3635; x_wconf 76' lang='lat' dir='ltr'><strong>in:</strong></span> 
     </span>
    </p>

    <p class='ocr_par' dir='ltr' id='par_1_12' title="bbox 137 3673 1179 3758">
     <span class='ocr_line' id='line_1_36' title="bbox 137 3673 1179 3758; baseline -0.005 -15"><span class='ocrx_word' id='word_1_263' title='bbox 137 3687 325 3758; x_wconf 81' lang='lat' dir='ltr'>Respondeo</span> <span class='ocrx_word' id='word_1_264' title='bbox 365 3686 527 3743; x_wconf 87' lang='lat' dir='ltr'>dicendum</span> <span class='ocrx_word' id='word_1_265' title='bbox 548 3689 629 3758; x_wconf 89' lang='grc'><strong>4444</strong></span> <span class='ocrx_word' id='word_1_266' title='bbox 658 3703 782 3744; x_wconf 88' lang='grc'><strong>4444444</strong></span> <span class='ocrx_word' id='word_1_267' title='bbox 816 3673 864 3742; x_wconf 85' lang='grc'><strong>444</strong></span> <span class='ocrx_word' id='word_1_268' title='bbox 900 3686 1003 3741; x_wconf 89' lang='lat' dir='ltr'>dicere</span> <span class='ocrx_word' id='word_1_269' title='bbox 1043 3686 1179 3741; x_wconf 88' lang='lat' dir='ltr'>animam</span> 
     </span>
    </p>
   </div>
   <div class='ocr_carea' id='block_1_11' title="bbox 104 3757 1181 3910">
    <p class='ocr_par' dir='ltr' id='par_1_13' title="bbox 104 3757 1181 3910">
     <span class='ocr_line' id='line_1_37' title="bbox 104 3757 1181 3828; baseline -0.003 -15"><span class='ocrx_word' id='word_1_270' title='bbox 104 3759 287 3822; x_wconf 89' lang='lat' dir='ltr'>humanam,</span> <span class='ocrx_word' id='word_1_271' title='bbox 320 3771 412 3826; x_wconf 90' lang='lat' dir='ltr'>quam</span> <span class='ocrx_word' id='word_1_272' title='bbox 447 3758 580 3814; x_wconf 87' lang='lat' dir='ltr'>dicimus</span> <span class='ocrx_word' id='word_1_273' title='bbox 609 3760 841 3815; x_wconf 78' lang='lat' dir='ltr'>intellectivum</span> <span class='ocrx_word' id='word_1_274' title='bbox 875 3757 1078 3828; x_wconf 86' lang='lat' dir='ltr'>principium,</span> <span class='ocrx_word' id='word_1_275' title='bbox 1114 3770 1181 3811; x_wconf 88' lang='lat' dir='ltr'>esse</span> 
     </span>
     <span class='ocr_line' id='line_1_38' title="bbox 104 3829 1180 3910; baseline -0.002 -27"><span class='ocrx_word' id='word_1_276' title='bbox 104 3829 392 3900; x_wconf 89' lang='lat' dir='ltr'>incorruptibilem.</span> <span class='ocrx_word' id='word_1_277' title='bbox 419 3831 591 3900; x_wconf 85' lang='lat' dir='ltr'>Dupliciter</span> <span class='ocrx_word' id='word_1_278' title='bbox 611 3832 693 3885; x_wconf 91' lang='lat' dir='ltr'>enim</span> <span class='ocrx_word' id='word_1_279' title='bbox 710 3830 829 3899; x_wconf 90' lang='lat' dir='ltr'>aliquid</span> <span class='ocrx_word' id='word_1_280' title='bbox 852 3829 1099 3910; x_wconf 79' lang='lat' dir='ltr'>corrumpitur:</span> <span class='ocrx_word' id='word_1_281' title='bbox 1119 3841 1180 3892; x_wconf 89' lang='lat' dir='ltr'>uno</span> 
     </span>
    </p>
   </div>
   <div class='ocr_carea' id='block_1_12' title="bbox 1070 3955 1082 3992">
    <p class='ocr_par' dir='ltr' id='par_1_14' title="bbox 1070 3955 1082 3992">
     <span class='ocr_line' id='line_1_39' title="bbox 1070 3955 1082 3992; baseline 0 0"><span class='ocrx_word' id='word_1_282' title='bbox 1070 3955 1082 3992; x_wconf 78' lang='lat'>2</span> 
     </span>
    </p>
   </div>
   <div class='ocr_carea' id='block_1_13' title="bbox 0 0 1460 4568">
    <p class='ocr_par' dir='ltr' id='par_1_15' title="bbox 0 0 1460 4568">
     <span class='ocr_line' id='line_1_40' title="bbox 0 0 1460 4568; baseline 0 1"><span class='ocrx_word' id='word_1_283' title='bbox 0 0 1460 4568; x_wconf 95' lang='lat' dir='ltr'><strong> </strong></span> 
     </span>
    </p>
   </div>
  </div>
 </body>
</html>
