2790 4546
334 399 434 443 carun
448 399 548 442 nxxu.
562 415 597 428 -
614 395 665 442 uo·
682 385 761 452 1207,
780 385 857 450 1208,
876 383 954 439 1209.
1129 379 1185 438 227

120 521 174 565 non
187 509 268 579 quod
287 509 374 565 istud
397 509 513 566 vitium
533 510 641 582 pueris
666 510 709 567 sit
730 509 907 582 proprium,
925 503 979 565 sad
1003 508 1085 578 qnod
1108 519 1183 566 cum·

120 599 203 669 pueri
220 598 453 654 conditionibus
474 613 619 669 magnam
635 599 748 656 babeat
765 597 1072 667 similitudinem(l).

152 686 323 742 Secundum
339 686 483 742 eumdem
498 687 733 760 philosophum,
749 686 993 758 intemperantia
1007 687 1056 743 θεῖ
1079 685 1183 756 majus

119 775 273 846 peccatum
296 774 390 842 quam
409 775 575 840 timiditas,
597 776 671 845 quia
689 776 738 832 θεῖ
761 775 861 844 magle
882 773 1072 831 voluntaria.
1095 775 1182 840 Quod

118 863 160 920 sic
174 865 417 930 demonstratur,
433 865 546 922 ceteris
562 865 698 930 omissis,
715 863 973 936 dupliciratione
989 878 997 916 ε

151 971 213 1027 Uno
228 971 330 1034 modo,
345 971 419 1039 quia
431 985 467 1026 ea
477 985 546 1039 quae
561 985 618 1042 per
632 973 779 1027 timorem
799 970 890 1034 flunt,
911 969 1103 1042 principium
1123 970 1183 1026 ha-

119 1041 186 1098 bent
198 1042 235 1098 ab
250 1043 401 1097 exteriori
415 1042 602 1112 impellente,
614 1044 695 1099 unde
711 1057 773 1099 non
788 1043 862 1098 sunt
875 1041 1062 1113 simpliciter
1076 1039 1184 1097 volun·

14 1131 15 1164 i
120 1113 204 1172 toria.
217 1113 270 1168 sed
282 1114 435 1168 mixta...:
452 1128 489 1168 ea
498 1115 603 1169 autem
615 1129 685 1182 quae
700 1129 758 1184 per
771 1113 1009 1169 delectationem
1019 1111 1101 1168 flunt
1110 1109 1185 1168 sunt
1251 1132 1253 1138 ¹

14 1175 16 1256 i
120 1184 297 1254 simpliciter
317 1185 505 1239 voluntaria.
525 1185 591 1239 Alio
608 1185 709 1248 modo,
726 1184 799 1252 quia
814 1197 930 1252 eaquae
945 1186 1020 1238 sunt
1033 1183 1185 1254 intempe-

120 1255 177 1310 rati
191 1257 265 1311 sunt
287 1256 387 1324 magis
406 1255 587 1310 voluntaria
608 1257 641 1310 in
664 1255 859 1324 particulari,
885 1255 990 1310 minias
1011 1257 1116 1311 autem
1132 1267 1184 1310 vo·

14 1353 16 1400 l
121 1325 252 1382 luntario
265 1328 298 1381 in
316 1327 496 1382 universali.
515 1327 624 1382 Nouus
636 1327 720 1382 enim
736 1327 832 1382 vellet
853 1325 1083 1396 intemperatus
1098 1337 1185 1388 esse,

14 1401 16 1462 ξ
122 1395 253 1454 allicitur
267 1400 373 1453 tamen
393 1397 486 1452 bomo
506 1397 751 1467 asingularibus
770 1397 1030 1453 delectationibus
1044 1409 1113 1464 quse
1132 1397 1184 1451 in-

14 1465 15 1538 }
121 1469 324 1537 temperatum
352 1468 471 1523 faciunt
492 1469 666 1524 hominem.
691 1471 823 1538 Propter
848 1468 930 1536 quod
953 1468 992 1523 ad
1017 1467 1183 1524 vitandum

122 1537 389 1610 intemperantiam
406 1540 579 1594 maximum
607 1539 780 1595 remedium
797 1540 845 1595 est
865 1542 901 1594 ut
919 1551 982 1593 non
996 1539 1185 1595 immoretur

14 1609 16 1674 ξ
121 1608 207 1664 bomo
219 1611 303 1666 circa
318 1611 526 1673 singularium
542 1611 833 1667 considerationem.
851 1610 907 1665 Sed
922 1610 955 1664 in
972 1608 1020 1665 bis
1031 1623 1100 1678 qua
1115 1623 1182 1681 per·

14 1683 16 1706 ¹
121 1680 268 1737 tinentad
289 1681 492 1737 timiditatem
517 1684 565 1738 θεῖ
584 1695 600 1737 θ
624 1695 790 1745 converso;
818 1693 890 1736 nam
916 1681 1183 1750 singulariaque

15 1745 16 1818 t
121 1750 278 1808 imminent
292 1755 368 1807 sunt
379 1752 483 1808 minus
497 1753 687 1816 voluntarla,
704 1755 740 1808 ut
754 1751 890 1820 abjicere
905 1752 1060 1822 clypeum,
1076 1753 1109 1808 et
1122 1751 1184 1808 alia

15 1829 16 1852 i
122 1820 277 1888 ejusmodi,
295 1823 348 1878 sed
364 1823 468 1894 ipsum
489 1837 653 1879 commuue
672 1827 720 1879 est
744 1824 842 1892 magis
862 1823 1090 1886 voluntarium,
1107 1821 1184 1892 putt

16 1945 17 1948 ,
121 1891 260 1961 fugiendo
288 1894 416 1950 salvari.
452 1896 514 1950 Hoc
537 1897 642 1951 autem
669 1897 717 1950 est
744 1894 931 1966 simpliciter
953 1895 1052 1963 magis
1071 1891 1181 1950 volun·

16 1951 17 2040 f
121 1963 230 2019 tarium
258 1965 341 2034 quod
370 1966 418 2022 est
446 1966 545 2034 magis
576 1965 791 2021 voluntarium
823 1966 856 2020 in
892 1963 1116 2033 singularibus,
1150 1964 1205 2019 inv

121 2034 226 2102 quibus
240 2037 288 2091 est
306 2037 405 2092 actus.
422 2038 459 2092 Et
472 2036 542 2091 ideo
566 2037 820 2106 intemperantia,
841 2036 911 2090 edm
935 2036 977 2091 sit
996 2035 1185 2105 simpliciter

124 2106 214 2176 magis
229 2107 444 2164 voluntarium
464 2107 556 2176 quem
572 2108 737 2172 timiditas,
753 2109 801 2163 est
817 2107 919 2174 majus
933 2106 1050 2162 vitium
1065 2105 1117 2177 (2).

95 2239 105 2246 -
153 2211 368 2283 Temperantia
392 2213 547 2270 dividitur
568 2214 600 2268 in
627 2220 730 2284 partes
746 2212 926 2283 intepretes,
943 2211 1129 2284 subjectivae
1153 2214 1185 2268 et
1232 2276 1234 2282 ¹

17 2351 18 2354 ,
121 2301 306 2373 potentiales.
333 2302 441 2359 Partes
465 2305 634 2372 integrales
659 2305 734 2360 sunt
757 2304 948 2359 verecundia
970 2305 1002 2359 et
1026 2302 1184 2359 honestas.

124 2391 222 2447 Partes
246 2391 452 2459 subjectivae:
470 2392 669 2456 abstinentia,
689 2392 852 2454 sobrietas,
869 2392 1006 2458 castitas,
1024 2391 1186 2460 pudicitia.

124 2478 224 2536 Partes
242 2481 454 2550 potentiales:
473 2481 675 2546 continentia,
701 2480 874 2544 humilitas,
901 2479 1108 2535 mansuetudo
1130 2488 1186 2534 seu

18 2573 19 2576 ’
123 2567 292 2639 clementia,
310 2569 474 2638 modestia,
490 2572 548 2624 etc.
566 2568 627 2639 (3)..
672 2631 677 2652 Ι

157 2701 230 2757 1209.
247 2703 300 2758 De
318 2702 422 2758 vitiis
438 2701 486 2770 (4).
501 2731 536 2740 -
551 2701 625 2756 Cim
648 2720 660 2751 ι
677 2701 892 2771 oppositorum
909 2699 1015 2756 eadem
1029 2699 1071 2756 sit
1086 2699 1188 2756 scien-

125 2790 164 2845 tia
177 2811 202 2858 a,
221 2792 301 2846 vitia
324 2805 381 2862 per
403 2791 540 2846 virtutes
555 2791 798 2858 cognoscuntur.
823 2790 968 2845 Attamen
988 2789 1102 2845 vitium
1124 2803 1187 2845 non

124 2881 167 2934 est
195 2893 282 2935 mera
305 2878 429 2948 negatio
456 2879 606 2943 virtutis;
630 2892 701 2933 nam
729 2877 845 2933 virtuti
874 2877 988 2932 vitium
1020 2876 1191 2948 opponitur

125 2965 185 3022 sire
210 2967 463 3031 contradictorie,
494 2967 561 3022 sive
588 2966 765 3037 praesertim
799 2967 966 3030 contrarie,
992 2965 1110 3022 scilicet
1135 2979 1190 3035 per

125 3069 277 3112 excessum
298 3055 350 3111 vel
365 3069 420 3125 per
439 3055 606 3111 deiectum.
627 3055 713 3134 Unde
728 3054 808 3110 vitia
829 3068 891 3109 non
906 3054 1008 3110 solum
1029 3067 1191 3125 opponun-

19 3171 22 3235 p
125 3142 173 3198 tur
185 3144 309 3210 virtuti,
326 3143 490 3200 sedetiam
508 3143 593 3198 inter
613 3157 655 3198 se.
673 3144 779 3211 ltaque
797 3142 949 3198 vitiorum
965 3143 1123 3213 praecipua
1137 3139 1188 3196 di-

18 3242 24 3306 s
127 3231 198 3288 visio
226 3235 365 3293 nonest
389 3232 560 3288 secundum
591 3230 778 3286 divisionem
808 3231 976 3295 virtutum,
1003 3230 1056 3286 sed
1082 3229 1189 3300 potius

126 3321 287 3377 secundum
315 3321 396 3376 bona
416 3319 467 3375 vel
490 3319 573 3374 mala
595 3318 802 3390 particularia
825 3333 893 3388 quae
917 3318 1094 3374 inordinate
1109 3331 1189 3390 appe

19 3447 20 3450 η
127 3407 230 3466 tantur
252 3408 305 3465 vel
324 3408 505 3478 fugiuntur.
525 3409 602 3464 Hinc
621 3405 735 3463 divisio
755 3405 907 3463 vitiorum
931 3407 1096 3478 inceptem
1115 3421 1192 3480 pec-

153 3593 185 3656 (1)
201 3593 279 3654 ibid,
296 3609 323 3660 q.
336 3595 391 3656 142,
409 3608 435 3645 a.
454 3594 482 3645 2.

154 3663 190 3726 (2)
205 3665 282 3722 reia..
296 3681 317 3715 a.
335 3665 359 3714 3.

155 3734 185 3795 (31
205 3735 291 3796 itia„
309 3752 337 3800 q.
356 3736 411 3785 143.

156 3805 189 3868 (4)
206 3807 241 3865 1¹,
255 3808 304 3869 2⁰,
319 3823 346 3872 q.
361 3806 392 3856 'tl
408 3812 502 3870 etseq.
