2828 4550
195 387 246 440 192
640 402 816 444 rancorem

193 512 275 582 cipia
303 512 428 582 speciei,
459 511 512 567 sed
543 512 635 568 etiam
669 512 820 579 quantum
852 511 890 567 ad
917 511 1123 568 individualis
1151 516 1272 584 princi·

193 583 255 652 pia,
272 597 333 638 non
358 583 458 638 soliun
484 582 783 653 incorruptibilium,
804 582 858 638 sed
882 583 977 638 etiam
997 585 1268 655 corruptibilium.

129 697 133 707 ,
192 654 279 710 Unde
299 668 424 709 necesse
439 654 486 708 est
502 653 607 708 omnia
629 667 697 720 quae
717 653 832 709 babent
855 667 1050 724 quocumque
1072 657 1161 712 modo
1186 671 1271 718 esse,

193 725 340 782 ordinata
362 739 429 780 esse
449 740 467 779 a
486 727 546 780 Deo
564 726 596 780 in
618 723 752 780 linem...
769 726 843 780 cum
859 739 933 793 ergo
953 725 1033 780 nihil
1048 727 1133 782 aliud
1155 728 1198 783 sit
1212 731 1270 785 Dei
1286 741 1293 751 ¹

193 795 395 868 providentia
414 795 506 864 quam
527 796 608 851 ratio
622 796 741 852 ordinis
756 811 862 850 rerum
878 796 911 850 in
931 795 1058 852 finem...
1076 812 1202 854 necesse
1216 805 1270 856 esi

195 867 312 934 omnia,
338 867 523 935 inquantum
548 867 739 937 participant
761 881 827 922 esse
852 867 1010 923 intantum
1034 868 1125 924 subdi
1149 870 1269 925 divinae

194 939 413 1009 providentiae.
437 938 641 992 -Similiter
664 938 757 992 etiam
781 952 876 1009 supra
900 938 1059 994 ostensum
1079 941 1161 994 est...
1183 943 1269 1010 quod

193 1013 273 1064 Deus
291 1010 397 1064 omnia
411 1009 579 1078 cognoscit,
596 1011 628 1064 et
646 1009 839 1064 universalia
854 1011 885 1064 et
904 1009 1119 1079 particularia.
1139 1012 1176 1066 nt
1192 1013 1268 1067 oiim

193 1081 330 1148 cognitio
344 1081 411 1148 ejus
427 1080 627 1149 comparetur
642 1081 679 1134 ad
694 1095 745 1136 res
760 1081 842 1136 sicut
856 1080 993 1148 cognitio
1008 1081 1087 1136 artis
1103 1082 1141 1136 ad
1156 1083 1269 1138 artili-

192 1153 320 1216 ciata...,
347 1164 470 1206 necesse
496 1154 543 1206 est
569 1151 650 1219 quod
675 1152 780 1206 omnia
808 1154 1027 1222 supponantur
1054 1152 1122 1221 ejus
1149 1155 1268 1222 ordini,

192 1223 276 1278 sicut
291 1222 396 1278 omnia
411 1220 579 1277 artificiata
593 1222 772 1278 subduntur
787 1223 890 1278 ordini
905 1222 983 1278 artis
998 1223 1046 1292 (l).

230 1357 308 1411 1138.
329 1356 381 1410 De
400 1355 527 1411 divina
545 1355 818 1425 gubernatione.
845 1355 1100 1410 -Providentia
1123 1357 1186 1412 duo
1213 1358 1268 1412 in-

190 1445 299 1508 cludit,
316 1445 352 1500 ut
363 1445 430 1513 jam
446 1444 584 1500 diximus
600 1461 607 1498 ε
625 1445 765 1500 ordinem
781 1457 888 1500 rerum
904 1445 1105 1514 provisarum
1120 1445 1155 1502 in
1170 1446 1269 1502 linem

190 1535 222 1590 et
242 1533 336 1602 huJus
352 1533 471 1589 ordinis
486 1534 711 1592 executionem.
727 1535 797 1588 Haec
810 1534 916 1588 autem
932 1533 1050 1589 dicitur
1063 1534 1267 1602 gubernatio.

190 1626 298 1686 Porro,
312 1623 349 1678 ut
368 1623 484 1692 optime
500 1621 589 1677 docet
604 1623 631 1676 S.
647 1621 714 1689 Th,
730 1625 809 1677 Deus
831 1621 975 1677 omnibus
990 1623 1138 1692 providet
1154 1623 1269 1680 imme·

191 1714 274 1769 diaic
287 1713 386 1781 quoad
403 1711 520 1766 ordinis
536 1711 701 1774 rationem,
717 1711 770 1766 sed
787 1711 921 1766 mediate
936 1711 1037 1779 quoad
1052 1711 1173 1768 ordinis
1194 1728 1269 1768 exe-

189 1802 358 1858 cutionem.
378 1801 455 1856 Sunt
468 1801 550 1854 enim
568 1800 695 1868 «aliqua
710 1799 811 1854 media
822 1799 936 1854 divina
947 1800 1172 1870 providentiam
1189 1802 1268 1870 quia

189 1891 342 1946 inferiora
361 1889 514 1958 gubernat
528 1903 584 1959 per
606 1889 778 1958 superiora,
799 1902 861 1944 nou
880 1888 1011 1959 propter
1025 1888 1181 1944 deiectum
1196 1904 1266 1946 suae
1317 1895 1320 1898 ’

189 1979 330 2043 virtutis,
347 1979 400 2034 sed
413 1980 542 2049 propter
557 1976 780 2032 abundantiam
804 1991 868 2032 suae
887 1976 1051 2042 bonitatis;
1067 1977 1104 2032 ut
1119 1977 1265 2046 dignita-

189 2070 286 2124 tatem
299 2067 489 2122 causalitatis
504 2065 599 2121 etiam
615 2064 768 2120 creaturis
783 2065 994 2121 communicet
1010 2085 1022 2117 v
1041 2065 1090 2136 (2).

230 2201 307 2257 1139.
320 2203 415 2256 Deus
429 2199 601 2271 peculiari
615 2199 718 2254 modo
732 2199 938 2255 hominibus
952 2199 1175 2269 providet-
1186 2201 1267 2256 Pro-

188 2291 271 2346 fecto
287 2294 366 2346 Deus
383 2287 528 2344 omnibus
546 2288 692 2358 providet
703 2287 816 2355 aequali
831 2289 863 2343 et
877 2287 1001 2342 infinita
1016 2287 1189 2358 sapientia3
1206 2289 1265 2344 sed

188 2381 263 2449 quia
278 2379 315 2434 ad
334 2377 493 2433 bominem
514 2377 673 2432 creaturas
698 2375 865 2430 inferiores
888 2375 1047 2431 ordinavit
1062 2375 1153 2443 eique
1168 2375 1265 2430 nobi-

187 2469 345 2524 lissimum
368 2465 463 2520 finem
492 2465 672 2534 praestituit,
701 2478 809 2519 curam
831 2464 1022 2535 peculiarem
1051 2464 1119 2532 ejus
1148 2477 1265 2532 gerere

187 2557 337 2612 dicendus
352 2556 408 2610 est.
425 2553 545 2609 Etenim
562 2553 647 2608 solus
663 2553 767 2617 homo,
783 2553 868 2608 inter
884 2553 961 2608 alias
983 2555 1144 2608 creaturas
1164 2555 1265 2608 sensi·

187 2647 276 2710 bilae,
290 2647 409 2698 Bonum
425 2643 590 2699 honestum
603 2657 637 2696 ac
652 2642 784 2711 proinde
798 2642 901 2712 ipsum
918 2644 1014 2696 Deum
1025 2655 1211 2710 cognoscere
1227 2645 1265 2698 et

187 2748 293 2790 amare
313 2746 408 2802 super
432 2731 537 2785 omnia
558 2732 677 2802 potest;
699 2744 759 2798 quo
781 2732 872 2800 pacto
894 2731 1022 2798 attingit
1049 2729 1143 2786 finem
1164 2743 1261 2785 suum

188 2823 346 2879 ultimum.
364 2821 453 2875 Solus
466 2819 558 2874 bomo
574 2819 658 2874 inter
679 2821 840 2884 creaturas
864 2819 1037 2881 sensibiles,
1059 2818 1126 2886 lege
1143 2819 1260 2874 morali

186 2913 320 2981 regitur,
334 2908 440 2964 anima
452 2908 624 2963 immortali
638 2909 770 2978 potitur,
787 2921 855 2976 quae
870 2906 907 2962 ad
923 2908 1093 2976 imaginem
1110 2908 1163 2962 Dei
1178 2921 1260 2962 oon-

186 3001 253 3057 dita
267 3001 325 3064 est,
342 2998 476 3068 gratiam
492 2997 625 3067 suscipit
639 2998 670 3052 et
685 2997 792 3066 gloriae
809 2997 923 3052 divinae
938 2997 974 3050 iit
988 2996 1155 3066 particeps.
1167 2995 1262 3052 Unde

184 3089 337 3162 peculiari
352 3087 451 3149 modo,
469 3101 530 3142 non
546 3087 646 3142 solum
659 3087 766 3155 generi
782 3086 930 3148 humano,
941 3086 995 3140 sed
1010 3085 1105 3140 etiam
1121 3085 1261 3154 singulis

185 3178 365 3237 hominibus
381 3181 461 3232 Deus
476 3181 618 3230 amanter
638 3175 794 3246 providet.

223 3316 300 3370 illo.
327 3313 379 3367 De
404 3309 785 3380 praedestinatiana-
811 3309 967 3372 Quatenus
997 3307 1128 3378 respicit
1160 3306 1260 3364 finem

184 3403 321 3458 hominis
342 3399 626 3471 supernaturalem,
650 3397 850 3454 Providentia
873 3397 989 3452 dicitur
1008 3395 1261 3468 praedestinatio.

183 3493 253 3546 Haeo
273 3489 502 3560 praescientiam
528 3486 667 3542 divinam
684 3486 894 3554 consequitur.
911 3488 988 3540 Nam
1010 3483 1105 3540 simul
1126 3497 1162 3538 ac
1184 3499 1265 3554 cog-

182 3579 284 3634 noscit
298 3578 441 3634 futuram
457 3574 684 3633 beatitudinem
701 3574 880 3639 electorum,
897 3577 977 3629 Deus
997 3587 1065 3630 eam
1081 3577 1263 3643 praeparem

216 3745 250 3798 m
267 3745 303 3800 ia,
322 3759 346 3809 q.
363 3745 403 3797 aa.
421 3759 447 3796 a.
467 3744 489 3793 2.

215 3809 249 3870 a)
262 3808 339 3863 retu..
355 3822 379 3856 a.
394 3806 418 3855 3.
