2828 4550
322 378 422 420 carun
436 377 524 418 uviu.
541 395 572 404 —
593 377 642 420 nos
657 365 720 428 978,
736 365 799 426 979,
814 361 878 427 980,
895 363 957 428 981,
971 361 1033 418 982.
1164 362 1215 418 125

176 489 284 544 Primo
300 487 432 554 intuitu,
448 489 612 544 videretur
626 489 707 557 qnod
722 488 860 543 amentia
879 488 966 543 sitin
981 485 1144 542 intellectu
1160 502 1215 558 po·

142 575 318 646 tiusquam
335 577 368 631 in
384 578 519 648 organis.
532 579 607 634 Nam
623 578 810 634 solusbomo
825 579 874 633 est
887 577 1031 632 amentiae
1045 577 1213 641 obnoxius3

142 663 247 722 bruta
268 667 443 722 animantia
467 681 626 736 nunquam
651 667 776 737 proprie
799 665 1030 730 dementantur,
1053 665 1124 720 oum
1150 666 1215 721 sint

140 755 390 812 irrationabilia.
412 757 467 810 sed
493 756 629 818 aliunde,
655 757 725 810 cum
750 753 928 811 intellectus
956 755 998 810 sit
1023 754 1157 825 simplex
1183 757 1215 811 ct

136 843 333 916 spiritualis,
350 845 528 900 alterationi
544 845 593 899 vel
610 845 729 901 laesioni
750 843 862 912 subjici
876 845 994 912 nequit.
1011 843 1096 899 Unde
1111 858 1214 900 amon·

134 934 190 988 tia
203 947 268 996 non
287 934 450 989 invenitur
464 934 525 990 nisi
540 935 692 1002 quatenus
711 935 817 988 anima
829 933 1021 989 intellectiva
1040 933 1166 1002 organis
1182 936 1214 988 et

136 1023 288 1078 sensibus
312 1023 451 1078 externis
477 1021 528 1078 vel
549 1023 683 1078 internis
705 1023 793 1090 quasi
821 1022 985 1093 decipitur,
1006 1023 1088 1078 sicut
1116 1021 1152 1077 fit
1180 1023 1213 1076 in

137 1112 289 1167 somniis.
311 1111 575 1176 Quemadmodum
599 1111 681 1166 enim
702 1110 881 1166 insomniis
900 1124 1009 1166 sensus
1029 1111 1169 1179 ligantur
1183 1113 1214 1167 et

127 1197 301 1266 judicium
323 1200 454 1255 rationis
476 1199 658 1270 impeditur,
679 1199 724 1254 ita
740 1201 772 1254 in
798 1200 945 1268 amentia,
963 1200 1086 1268 quando
1101 1200 1214 1269 aliquis

137 1304 208 1346 non
224 1291 273 1344 est
288 1289 423 1359 amplius
438 1289 486 1344 sui
507 1303 646 1359 compos.
1075 1306 1077 1312 ·

182 1413 246 1470 981.
264 1413 455 1484 Ingenium
481 1417 519 1469 et
543 1415 715 1470 amentia.
739 1413 1059 1478 -Quemadmodum
1083 1427 1213 1482 organo-

141 1518 223 1561 rum
262 1503 401 1558 deiectus
428 1503 583 1572 judicium
618 1505 750 1559 rationis
782 1503 964 1572 quandoque
995 1503 1136 1573 impedit,
1168 1505 1215 1560 ita

140 1606 259 1650 eorum
272 1593 391 1663 optima
400 1593 562 1664 dispositio
573 1593 611 1648 ad
622 1593 753 1650 eximias
762 1593 859 1648 animi
870 1592 1063 1663 operationes
1076 1593 1212 1649 maxima

139 1681 279 1739 consent.
306 1684 373 1737 Non
395 1684 501 1738 tamen
521 1683 588 1738 siue
606 1682 747 1753 periculo
770 1682 864 1736 nimis
891 1681 1071 1736 excitantur
1094 1695 1212 1750 organa

136 1771 206 1829 una
233 1785 304 1828 cum
330 1771 482 1835 sensibus,
501 1772 536 1826 ut
557 1772 711 1842 impetum
731 1771 828 1826 animi
848 1771 1021 1839 sequantur
1038 1771 1094 1824 aut
1115 1771 1209 1826 etiam

138 1859 284 1916 foveant.
302 1861 388 1915 Unde
402 1849 568 1930 aliquando
584 1861 721 1916 maxima
736 1861 784 1916 vis
806 1859 923 1929 ingenii
942 1860 974 1914 et
996 1859 1135 1915 amentia
1148 1874 1210 1916 non

141 1949 286 2005 multum
300 1949 385 2004 inter
399 1963 431 2004 se
446 1949 562 2004 distare
577 1949 735 2005 videntur.

559 2282 687 2341 CAPUT
707 2283 801 2340 LVIII

219 2454 261 2494 DE
282 2454 398 2494 ANIMAE
418 2453 645 2501 QUALI'I'ATIBUS
665 2453 703 2494 ET
723 2453 887 2494 SPECIA'I'IM
907 2455 946 2494 uu
964 2453 1129 2494 unmrmus

170 2609 243 2664 982.
281 2609 498 2664 Animarum
523 2609 755 2680 inaequalItas
785 2609 993 2664 naturalis:
1023 2609 1206 2664 undenam

135 2697 312 2752 oriatur?
332 2727 367 2738 ·-
387 2699 534 2754 Omnibus
554 2698 733 2754 hominibus
758 2698 948 2754 conveniunt
973 2712 1009 2752 ea
1032 2684 1100 2766 quae
1119 2713 1207 2767 gene·

129 2786 231 2841 ratim
249 2786 333 2840 dicta
353 2787 426 2841 sunt
445 2787 482 2842 de
505 2786 628 2851 natura,
650 2787 801 2856 potentiis
826 2789 858 2842 ct
882 2787 1120 2857 operationibus
1143 2789 1208 2842 ani-

136 2887 220 2939 mae;
246 2875 299 2928 sed
320 2875 456 2930 maxime
477 2877 561 2931 inter
581 2889 612 2930 se
633 2876 751 2930 distant
767 2876 909 2930 homines
932 2877 1063 2946 propter
1082 2876 1207 2932 habitus

133 2963 281 3031 aliasque
296 2963 392 3018 animi
408 2964 583 3030 qualitates.

172 3049 231 3107 Hic
256 3053 362 3106 autem
383 3054 537 3120 quaeritur
559 3053 697 3123 primum
722 3053 759 3108 de
783 3053 987 3122 qualitatibus
1011 3054 1208 3109 naturalibus

133 3141 343 3195 animorum:
367 3141 480 3194 Utrum
505 3141 689 3196 differentiae
713 3142 900 3210 qualitatum
920 3142 1115 3211 hujusmodi,
1137 3143 1206 3210 qui-

131 3230 194 3285 bus
218 3229 364 3284 homines
390 3229 639 3298 distinguuntur,
662 3231 808 3286 oriantur
831 3232 1026 3286 solummodo
1050 3245 1090 3286 ex
1116 3245 1207 3300 orga-

130 3319 240 3373 nismo
257 3331 296 3372 an
312 3320 387 3372 verb
403 3333 442 3372 cx
457 3318 525 3388 ipsa
548 3314 669 3373 animai
684 3319 788 3374 Prima
811 3321 967 3375 sententia
989 3321 1127 3375 affirmat
1147 3321 1203 3375 ho-

132 3406 238 3460 mines
263 3420 325 3460 non
350 3407 475 3462 differre
500 3407 584 3462 inter
608 3422 640 3463 se
659 3407 759 3476 quoad
783 3409 943 3477 ingenium
964 3409 1118 3472 naturale,
1142 3409 1203 3463 nisi

129 3495 269 3565 propter
284 3495 598 3564 varias'organorum
621 3496 841 3567 dispositiones
864 3511 899 3552 ao
920 3498 1050 3567 proinde
1075 3498 1205 3568 propter

132 3582 245 3638 varias
261 3583 428 3649 qualitates
443 3585 613 3649 sensibiles,
629 3585 741 3652 quibus
760 3585 938 3641 intellectus
954 3587 1000 3641 uti
1015 3587 1114 3643 debet.
1128 3589 1205 3642 Huic

132 3671 303 3727 sententiae
317 3672 404 3745 iavet
417 3673 495 3729 illud
511 3671 538 3726 S.
556 3673 609 3728 Th.
627 3690 634 3728 :

167 3777 306 3832 Diversa
334 3780 489 3850 capacitas
519 3781 712 3838 naturalium
739 3783 772 3836 in
801 3783 979 3839 hominibus
1009 3798 1070 3840 non
1097 3785 1206 3840 estex
