2790 4546
171 385 226 442 254
581 395 634 438 tus
653 395 826 438 urrunnun

172 508 357 574 necessaria,
368 507 487 564 scilicet
497 505 637 576 cognitio
651 505 704 562 Dei
720 507 751 562 et
772 519 856 562 verae
875 503 1092 570 beatitudinis,
1107 507 1250 576 cognitio

172 600 296 656 natura
311 597 467 662 humanae,
479 595 660 653 etomnium
674 594 851 652 officiorum
866 593 981 664 quibus
996 593 1090 650 homo
1105 595 1250 652 obstrin-

173 689 271 759 gitur.

212 813 289 870 1258.
312 811 441 869 Olfloia
455 810 574 882 quoad
592 809 831 866 voluntatem.
849 837 882 851 -
897 807 1012 866 Deinde
1026 809 1120 865 homo
1136 809 1251 866 volun-

173 904 272 958 tatem
287 915 376 958 suam
400 899 552 971 perlicere
572 899 663 954 debet
686 898 951 955 omnivirtutem
974 912 1099 968 genere,
1129 899 1250 959 utendo

173 990 293 1046 scilicet
307 988 485 1058 cognitione
500 1001 608 1043 rerum
630 988 662 1042 et
676 987 853 1058 praesertim
875 987 1053 1057 cognitione
1075 987 1126 1043 sui
1146 985 1251 1056 ipsius

172 1079 207 1135 ut
238 1078 338 1135 vitam
376 1090 501 1147 semper
531 1075 743 1132 honestiorem
766 1077 849 1144 agat.
886 1076 1028 1132 Profecto
1058 1075 1133 1132 licet
1153 1077 1252 1144 atoue

172 1167 269 1224 etiam
280 1166 406 1238 oportet
421 1165 516 1221 semel
530 1167 562 1220 et
576 1165 690 1236 saepius
714 1177 854 1234 quaerere
869 1164 961 1220 utilia
973 1165 1025 1220 vel
1038 1164 1250 1228 delectabilia,

173 1255 324 1326 quidquid
345 1253 484 1310 dixerint
509 1253 617 1318 stoloi;
646 1253 699 1309 sed
715 1267 839 1324 semper
858 1252 939 1309 bona
963 1253 1146 1324 hujusmodi
1164 1252 1253 1308 ordi·

174 1345 276 1418 nanda
291 1343 414 1400 suntad
429 1343 558 1414 optima.
574 1342 662 1398 Unde
677 1342 728 1398 vir
740 1342 848 1412 justus
864 1341 1004 1411 quotidie
1013 1340 1158 1414 proficiet
1178 1341 1251 1397 vir·

174 1434 242 1489 tute
254 1433 287 1488 et
302 1432 426 1498 merito,
443 1433 524 1488 sicut
534 1432 626 1487 aetate
637 1431 668 1487 et
682 1429 888 1501 experientia.

211 1558 291 1612 1259.
314 1556 444 1614 Officia
464 1570 551 1628 erga
574 1570 778 1629 personam.
799 1585 833 1598 -
855 1558 930 1612 Cum
950 1555 1039 1612 bonis
1067 1556 1254 1614 intellectus

173 1647 205 1702 ct
219 1646 404 1712 voluntatis,
429 1646 544 1702 adsunt
563 1645 644 1701 bone
665 1645 852 1715 corporalia,
869 1645 952 1701 siout
966 1645 1086 1701 sanitas
1100 1647 1132 1701 et
1148 1644 1253 1702 forti-

173 1735 260 1792 tudo.
278 1737 350 1800 Quae
365 1735 459 1790 etiam
477 1735 615 1790 maximo
632 1735 736 1790 studio
758 1732 950 1805 perficienda
965 1736 1040 1790 sunt
1063 1737 1119 1790 aut
1133 1735 1252 1791 saltem

173 1823 397 1884 conservanda,
413 1822 589 1894 praesertim
605 1823 688 1894 apud
703 1838 829 1894 pueros.
847 1824 966 1878 Horum
982 1822 1083 1892 igitur
1101 1823 1253 1880 educatio

174 1914 300 1984 oportet
315 1913 407 1968 utsii
422 1911 518 1968 simul
533 1911 766 1975 intellectualis,
783 1912 912 1968 moralis
927 1914 959 1967 et
973 1912 1251 1984 physicacorpus

173 2001 257 2056 enim
273 2015 384 2061 sanum
399 2003 446 2056 est
461 2001 709 2056 instrumentum
728 2001 865 2070 perutile
880 2000 918 2055 ad
933 2001 1151 2069 consequenda
1165 2000 1254 2058 bona

172 2089 397 2160 intelligibilia.
422 2089 508 2144 Unde
532 2088 623 2144 valde
646 2089 819 2158 optandum
839 2091 887 2144 est
902 2089 937 2144 ut
951 2089 994 2145 sit
1014 2105 1101 2144 meas
1116 2105 1196 2144 sano
1213 2088 1253 2144 in

174 2193 400 2249 corporosano.
418 2208 451 2217 -
475 2178 531 2233 Sed
554 2175 604 2232 llio
627 2191 720 2246 agere
743 2177 890 2233 debemus
913 2178 1077 2248 speciatim
1092 2178 1130 2234 de
1144 2179 1252 2235 officio

173 2268 311 2337 seipsum
327 2281 389 2324 non
404 2267 565 2323 occidendi
580 2266 613 2322 et
626 2267 768 2338 corporis
783 2267 998 2335 integritatem
1013 2267 1171 2322 servandi.

212 2392 290 2448 1260.
309 2392 510 2448 Sulcidium
524 2395 559 2446 et
579 2391 762 2447 mutilatio
781 2395 867 2447 sunt
881 2391 1019 2448 illicita.
1036 2422 1070 2431 —
1085 2391 1176 2447 ltlulti
1190 2407 1253 2463 pa·

174 2483 257 2551 gani,
274 2481 307 2535 in
322 2480 435 2550 primis
449 2481 551 2543 stoici,
574 2479 786 2535 laudaverunt
810 2479 979 2535 suicidium
995 2480 1077 2548 quod
1101 2482 1255 2549 patratur

173 2569 212 2625 ad
228 2569 390 2624 vitandam
406 2568 570 2624 infamiam
580 2568 631 2623 vel
642 2569 813 2624 senectutis
824 2567 1036 2624 infirmitates.
1049 2571 1135 2624 Inter
1149 2569 1252 2625 chris·

173 2657 288 2718 tianos,
323 2657 498 2713 Pufendorf
527 2656 642 2724 aliique
676 2658 870 2726 putaverunt
893 2657 1063 2714 suicidium
1087 2658 1182 2714 certis
1214 2659 1251 2714 in

61 2805 66 2814 ,
174 2745 298 2802 casibus
316 2759 383 2801 esse
408 2745 541 2801 licitum.
565 2747 626 2802 Nos
649 2747 756 2802 autem
780 2745 952 2802 asserimus
982 2746 1151 2802 suicidium
1180 2761 1254 2804 esse

173 2833 369 2903 prohibitum
381 2835 455 2902 jure
471 2836 603 2890 naturae.

211 2925 286 2977 Nam
303 2923 356 2991 qui
379 2938 412 2980 se
434 2924 547 2979 occidit
560 2927 669 2995 peccat
688 2927 798 2980 contra
817 2926 924 2986 Deum,
941 2925 1051 2979 eontra
1063 2924 1201 2994 seipsum
1218 2926 1254 2981 et

175 3013 285 3068 contra
300 3013 492 3069 societatem.
507 3015 622 3070 contra
637 3016 733 3068 Deum
749 3029 756 3067 :
773 3027 845 3068 nam
868 3027 888 3068 a
908 3014 968 3068 Deo
993 3013 1099 3069 vitam
1111 3015 1252 3084 accepit;

175 3101 257 3156 unde
273 3101 310 3157 et
325 3102 372 3157 uti
388 3101 479 3158 debet
492 3103 643 3171 tanquam
658 3116 781 3167 servus,
796 3116 858 3157 non
868 3103 973 3157 autem
987 3103 1136 3170 tanquam
1144 3102 1255 3158 domi·

174 3204 243 3246 nus.
262 3190 378 3246 Contra
392 3190 530 3258 seipsum
556 3207 563 3242 ε
588 3203 660 3245 nam
682 3189 804 3245 amittit
824 3189 942 3254 vitam;
965 3188 1030 3244 haec
1053 3189 1160 3244 autem
1185 3204 1254 3258 quo

85 3273 88 3276 ’
175 3278 274 3346 magis
286 3280 334 3334 est
348 3277 460 3334 infelix
475 3278 508 3332 in
523 3279 684 3348 praesenti,
700 3291 736 3334 eo
753 3277 851 3347 magis
867 3279 916 3333 est
932 3277 1124 3348 principium
1140 3279 1253 3354 meriti

174 3369 206 3422 et
218 3368 345 3422 aeternae
359 3367 531 3422 felicitatis.
649 3369 650 3372 ’

209 3457 324 3512 Contra
348 3456 540 3518 societatem,
564 3454 660 3536 cujus
679 3457 725 3510 est
749 3468 824 3524 pars
840 3470 847 3508 z
865 3469 936 3511 nam
961 3455 990 3509 ei
1013 3455 1134 3512 servire
1156 3456 1256 3517 debet

112 3551 118 3568 ·
174 3543 285 3598 saltem
301 3544 447 3615 operibus
458 3544 618 3615 patientiae
630 3546 661 3599 et
674 3543 814 3614 pietatis.
828 3545 894 3598 Huc
909 3545 1051 3614 spectant
1065 3547 1254 3614 sequentia:

210 3651 352 3720 seipsum
376 3651 514 3706 occidere
538 3653 587 3706 est
615 3650 743 3705 omnino
767 3649 927 3714 illicitum,
956 3650 1077 3719 triplici
1106 3653 1254 3713 ratione.

112 3727 115 3732 '
176 3721 280 3776 Primo
300 3721 425 3790 quidem
447 3722 520 3790 quia
541 3721 729 3777 naturaliter
751 3720 898 3790 quaelibet
917 3735 966 3776 res
987 3721 1122 3791 seipsam
1138 3737 1255 3790 amat;

175 3793 259 3848 etad
274 3792 331 3848 hoc
350 3793 488 3864 pertinet
511 3793 592 3861 quod
613 3792 762 3861 quaelibet
785 3806 835 3847 res
865 3793 1056 3848 naturaliter
1074 3801 1257 3856 conservat
