2910 4568
358 425 459 468 carun
479 423 577 466 xnvu.
595 439 627 452 -
643 420 689 466 n⁰⁸
704 409 767 475 794,
779 409 841 474 795,
858 411 925 465 796.
1146 411 1181 464 45

119 538 163 593 tia
175 539 288 593 animae
303 537 439 608 possunt
453 535 513 592 dici
530 536 639 593 mediae
654 536 739 592 inter
754 535 962 592 substantiam
976 539 1008 594 et
1026 538 1179 604 accidens,

119 608 422 681 ouasiproprictates
438 608 550 664 animae
570 609 766 664 naturales..
785 607 822 676 (lt

123 747 126 760 ·
147 735 202 789 795.
219 733 474 789 Potentiamm
492 733 690 790 multitudo
704 737 742 789 et
755 732 934 790 varietas.
958 765 992 774 -
1011 735 1180 791 Multitudo

118 826 144 878 et
156 824 294 880 varietas
308 823 522 894 potentiarum
538 823 572 877 in
595 822 721 878 homine
743 824 979 892 consequuntur
993 823 1061 894 ejus
1083 825 1182 880 natu-

119 905 223 967 mmet
238 912 344 968 finem.
361 914 480 968 Natura
494 911 577 980 enim
593 912 732 966 humana
744 913 793 968 est
805 911 936 968 humilis
951 913 983 968 et
998 911 1178 982 complexa;

118 1001 235 1057 aliunde
250 1001 332 1066 finis,
349 1001 401 1070 qui
422 1002 470 1057 est
489 1000 661 1066 beatitudo,
687 1002 735 1056 est
757 1001 1051 1070 praestantissimus.
1073 1002 1181 1071 ltaque

118 1089 200 1146 bomo
218 1091 359 1162 seipsum
383 1105 492 1160 regere
512 1092 544 1146 et
559 1088 653 1145 finem
669 1103 762 1144 suum
778 1089 926 1146 ultimum
942 1091 1097 1160 attingere
1120 1105 1182 1146 non

116 1181 211 1252 potest
224 1179 287 1236 nisi
304 1180 412 1236 multis
428 1181 460 1235 et
474 1179 608 1235 diversis
625 1179 859 1248 operationibus
873 1181 904 1234 et
919 1179 1080 1250 potentiis.
1096 1180 1183 1235 Unde

116 1269 219 1324 scribit
234 1271 263 1323 S.
281 1268 356 1322 Tb:

147 1369 274 1448 Necesse
290 1366 338 1421 est
351 1379 467 1448 ponere
482 1365 590 1436 plures
613 1365 726 1420 animae
746 1366 913 1448 potentias.
935 1367 980 1422 Ad
1001 1367 1100 1450 cujus·
1117 1369 1184 1449 evi-

119 1437 606 1589 ttflltttuitllittildlilii?
619 1437 1183 1592 rellictaiilaullllda

119 1578 1183 1732 sautansritiullaetititiaerecitabatur

121 1721 453 1775 mot1busmult1s.H1s
478 1721 582 1776 autem
606 1735 770 1790 supemora
789 1725 945 1788 suntque
964 1721 1183 1792 adipiscuntur

120 1791 284 1870 perfectam
299 1791 470 1846 bonitatem
491 1792 628 1847 motibus
651 1791 769 1862 paucis.
786 1793 912 1847 Summa
931 1796 1007 1847 vero
1031 1793 1181 1863 perfectio

120 1863 276 1917 invenitur
290 1862 391 1944 iubis
410 1876 478 1929 quae
499 1863 614 1931 absque
631 1865 717 1917 motu
736 1863 907 1932 perlectam
922 1863 1083 1944 possident
1098 1865 1182 1946 boui-

121 1933 1182 2085 trimestremstrictissimum?sillabas

122 2073 185 2128 dam
200 2089 315 2144 paucas
331 2077 362 2129 et
382 2075 612 2157 determinatas¹
630 2075 826 2156 operatrones
850 2075 964 2131 babent
987 2079 1019 2132 ct
1033 2078 1181 2134 virtutes.

123 2143 214 2201 Homo
228 2147 334 2201 autem
351 2147 455 2216 potest
469 2159 615 2214 consequr
631 2148 841 2202 universalem
863 2148 893 2202 et
913 2147 1082 2216 perfectam
1099 2149 1181 2220 boni7

122 2217 221 2281 tatem,
234 2218 305 2286 quia
326 2218 429 2288 potest
444 2217 573 2286 adipisci
589 2217 823 2272 beatitudinem.
838 2219 891 2273 Est
905 2219 1054 2274 tamenin
1069 2220 1182 2275 ultimo

122 2288 213 2353 gradu
228 2289 398 2344 seeundum
420 2290 563 2342 naturam
581 2303 689 2344 eorum
705 2289 818 2356 quibus
835 2290 985 2359 competit
1009 2291 1183 2353 beatitudo,

121 2361 149 2411 et
162 2359 227 2414 ideo
244 2360 352 2414 multis
369 2363 400 2415 et
415 2359 549 2414 diversis
565 2359 801 2430 operationibus
817 2363 848 2416 et
867 2361 1040 2416 virtutibus
1063 2362 1185 2431 indiget

122 2429 218 2483 anima
241 2431 388 2485 bumana.
404 2431 529 2498 Angelis
554 2433 630 2486 verb
655 2431 758 2486 minor
782 2431 949 2487 diversitas
969 2433 1181 2502 potentiarum

123 2502 275 2578 competit.
290 2501 323 2555 In
337 2505 397 2557 Deo
413 2505 488 2557 verb
501 2517 562 2557 uon
576 2505 625 2557 est
637 2502 742 2570 aliqua
757 2503 895 2570 potentia
906 2505 956 2558 vel
971 2503 1052 2558 actio
1068 2505 1186 2574 praeter

124 2583 184 2636 eJus
202 2573 379 2628 essentiam.
403 2575 515 2629 -Est
543 2575 574 2627 et
602 2573 664 2627 alia
686 2574 768 2628 ratio
792 2587 887 2641 quare
917 2575 1022 2628 anima
1046 2574 1185 2630 humana

125 2641 251 2698 abundat
266 2643 449 2700 diversitate
464 2645 689 2715 potentiarum,
701 2645 848 2700 videlicet
858 2646 932 2713 quia
943 2647 990 2700 est
1003 2645 1035 2700 in
1051 2645 1185 2701 confinio

126 2714 326 2790 spiritualium
342 2718 374 2770 et
385 2716 595 2784 corporalium
612 2717 831 2771 ereaturarum
841 2733 848 2778 ς
860 2717 892 2770 et
907 2717 976 2771 ideo
993 2721 1186 2772 concurrunt

127 2795 155 2836 1n
168 2784 232 2854 ipsa
249 2787 386 2842 virtutes
403 2791 610 2855 utrarumque
626 2788 844 2842 creaturarum
860 2787 908 2855 (2).

157 2901 213 2954 796.
239 2902 415 2958 Potentiae
445 2902 725 2973 distinguuntur
750 2917 816 2972 per
844 2907 948 2958 aetus
974 2908 1012 2958 et
1043 2904 1186 2972 objecta

126 2985 289 3045 formalia.
301 3021 335 3030 —-
352 2993 413 3046 Hoc
429 2993 477 3046 est
489 2992 679 3062 principium
695 2991 858 3046 divisionis
874 3006 928 3046 seu
945 2992 1185 3062 specificationis

128 3077 155 3129 et
168 3077 372 3134 distinctionis
387 3081 614 3150 potentiarum,
628 3093 747 3134 necnon
758 3079 934 3144 habituum,
947 3081 1114 3144 virtutum,
1127 3083 1188 3146 etc,

128 3165 170 3218 Sic
184 3169 284 3222 autem
301 3169 534 3238 comprobatur.
551 3169 701 3223 Potentiae
718 3169 906 3223 ordinantur
922 3169 1132 3224 essentialiter
1146 3169 1186 3224 ad

128 3255 237 3321 actum;
253 3257 335 3312 unde
351 3257 434 3311 sicut
447 3257 535 3312 actus
551 3257 804 3326 distinguuntur.
823 3256 919 3312 Porro
940 3259 1028 3313 aetus
1049 3259 1109 3327 ipsi
1125 3272 1204 3314 res.

127 3342 236 3407 piciunt
257 3345 425 3414 objectum,
450 3345 531 3414 quod
552 3347 599 3401 est
624 3346 715 3400 modo
737 3345 927 3416 principium
953 3348 984 3400 et
1009 3347 1100 3401 modd
1119 3347 1186 3401 ter-

128 3431 220 3487 minus
241 3434 385 3496 aetionis,
402 3435 496 3502 prout
514 3435 657 3504 potentia
680 3437 728 3489 est
748 3436 875 3506 passiva
896 3437 946 3490 vel
970 3436 1084 3489 activa.
1105 3439 1185 3504 Ergo

126 3522 262 3585 potentiae
278 3523 519 3590 distinguuntur
538 3537 593 3592 per
612 3522 743 3590 objecta.
767 3525 824 3580 Sed
848 3524 1005 3591 objectum
1026 3538 1082 3593 per
1104 3526 1185 3592 quod

126 3605 326 3678 distinguitur
349 3611 489 3682 potentia
510 3625 572 3666 non
597 3614 645 3666 est
668 3610 825 3678 objectum
850 3613 1020 3674 materiale,
1043 3612 1096 3666 sed
1125 3613 1185 3667 sor-

154 3776 185 3836 u)
200 3778 234 3832 1³,
250 3794 277 3842 q.
296 3778 337 3836 77,
355 3793 379 3828 a.
398 3779 420 3834 l,
436 3779 468 3827 ad
481 3780 503 3828 5.

154 3837 185 3900 (2)
201 3841 234 3897 1⁸,
251 3857 277 3905 q.
295 3840 335 3897 ii,
352 3856 375 3890 a.
386 3841 410 3889 2.
