2910 4568
400 447 498 488 curor
513 447 578 488 tur.
597 464 630 474 -
647 440 694 488 rus
709 431 772 496 890,
788 432 850 500 sel,
867 434 928 488 892.
1164 436 1199 490 85

142 555 257 610 ardui...
278 557 331 612 scd
355 572 396 612 ex
420 559 501 614 malo
521 559 588 628 jam
604 559 754 628 iniacenti
769 560 913 628 sequitur
936 560 1040 630 passio
1061 561 1127 615 irae.
1148 561 1197 616 Sic

142 627 231 694 igitur
244 630 332 699 patet
346 629 428 698 qubd
450 631 483 683 in
507 631 742 702 concupiscibili
771 633 845 686 sunt
868 632 933 686 tres
957 633 1197 700 conjugationes

142 699 323 767 passionum,
338 701 457 756 scilicet
470 715 560 757 amor
578 705 610 758 et
635 703 751 766 odium,
768 702 958 758 desiderium
977 705 1008 758 et
1022 703 1106 772 fuga,
1124 717 1198 771 gau-

142 769 219 824 dium
242 779 273 826 et
292 772 439 827 tristitia.
464 773 616 828 Similiter
639 777 672 828 in
691 773 841 828 irascibili
865 775 939 828 sunt
960 773 1024 829 tres
1050 791 1057 828 :
1079 774 1198 829 scilicet

142 853 204 908 spes
219 845 248 896 et
262 841 449 912 desperatio
466 845 563 898 timor
577 847 608 900 et
623 845 763 909 audacia,
787 847 818 900 et
841 845 899 909 ira,
914 845 964 899 cui
988 845 1075 900 nulla
1095 845 1197 914 passio

144 913 317 980 opponitur.
352 915 429 969 Sunt
458 930 531 984 ergo
564 931 671 970 omues
703 918 862 986 passiones
890 917 991 986 specie
1020 917 1197 971 differentes

144 983 287 1048 undecim,
304 999 360 1040 sex
375 986 499 1055 quidem
515 986 549 1040 in
564 987 808 1056 concupiscibili,
829 990 860 1042 et
884 989 1020 1055 quinque
1036 988 1197 1042 11111111-

141 1052 195 1116 bili,
211 1055 266 1109 sub
281 1055 396 1123 quibus
411 1072 518 1112 omnes
532 1059 644 1114 animae
660 1060 821 1128 passiones
837 1060 1039 1114 continentur
1054 1059 1103 1128 (l).

168 1187 226 1241 891.
246 1189 462 1246 Passienum
485 1192 673 1261 oppositio,
699 1191 886 1247 distinctio
911 1196 948 1247 et
981 1191 1077 1247 ordo.
1098 1193 1197 1246 -Ex

139 1272 181 1329 bis
191 1276 368 1346 colligimus
378 1280 538 1350 passiones
550 1280 663 1350 opponi
676 1281 760 1336 inter
773 1295 804 1336 se
814 1280 930 1350 duplici
947 1281 1054 1334 modo:
1069 1282 1096 1334 1⁰
1106 1293 1197 1348 prop-

138 1364 181 1417 ter
192 1365 349 1434 objectum
367 1385 374 1422 τ
391 1369 460 1423 aliae
485 1370 568 1424 enim
591 1371 765 1440 respiciunt
788 1369 903 1424 bonum
924 1371 955 1424 et
974 1369 1042 1423 aliae
1059 1368 1195 1431 malum;

135 1451 164 1504 2⁰
176 1457 302 1525 propter
318 1457 422 1513 motds
439 1459 642 1515 directionem
661 1476 667 1511 ι
688 1459 757 1514 aliae
777 1460 860 1513 enim
879 1459 1024 1528 quaeruut
1038 1457 1194 1526 objectum

138 1545 164 1595 et
179 1543 244 1599 aliae
260 1546 400 1614 fugiunt.
426 1547 531 1602 Primo
555 1549 645 1603 modo
659 1551 863 1618 opponuntur
886 1549 970 1602 inter
989 1561 1021 1601 se
1036 1547 1196 1617 passiones

136 1634 379 1704 concupiscibilis
397 1636 496 1706 (amor
509 1639 541 1692 et
555 1637 672 1700 odium,
689 1637 878 1692 desiderium
899 1638 931 1691 et
945 1635 1029 1704 iuga,
1046 1635 1195 1704 gaudium

138 1722 165 1774 et
178 1722 328 1794 tristitia).
358 1725 496 1780 Secundo
523 1725 614 1780 modo
640 1727 845 1794 opponuntur
856 1726 1016 1796 passiones
1029 1724 1196 1779 irascibilis

136 1809 208 1880 <spes
223 1813 254 1866 et
268 1814 457 1884 desperatio,
470 1813 566 1870 timor
581 1815 612 1868 et
627 1815 768 1880 audacia)
780 1833 786 1878 ;
803 1829 871 1882 quae
882 1815 977 1869 etiam
990 1815 1092 1883 primo
1106 1811 1196 1867 modo

136 1903 339 1968 opponuntur,
365 1903 392 1958 si
413 1903 624 1973 disponuntur
643 1904 689 1958 ita
709 1917 716 1958 :
740 1917 809 1972 spes
833 1905 864 1958 et
886 1904 992 1966 timor,
1016 1901 1146 1956 audacia
1165 1901 1196 1956 et

133 1983 309 2058 desperatio.

164 2078 315 2143 ceteram,
332 2081 544 2151 oppositiones
565 2081 747 2150 passionum
773 2081 1017 2148 manifestantur
1036 2081 1103 2149 ipso
1126 2093 1195 2135 ser-

137 2177 217 2222 mone
231 2171 263 2223 et
278 2171 436 2224 communi
449 2185 509 2226 usu
523 2171 680 2238 loquendi.
701 2171 824 2225 Pariter
845 2168 1052 2238 intelligimus
1071 2169 1194 2239 passio-

135 2265 182 2308 nes
195 2255 269 2312 alias
285 2272 327 2313 ex
350 2258 430 2323 aliia,
457 2259 565 2314 multis
590 2259 689 2314 modis
705 2259 782 2313 oriri
798 2259 912 2325 ,cisque
929 2257 1077 2326 conjungi
1092 2270 1193 2327 posse·

135 2341 234 2399 Omnes
254 2361 294 2400 ex
309 2361 417 2402 amore
432 2348 581 2402 oriuntur
595 2349 626 2402 et
641 2361 747 2402 amore
762 2349 1031 2402 consummantur.

164 2477 222 2532 892.
243 2480 296 2535 De
316 2481 555 2538 delectatione
572 2486 610 2537 et
625 2481 802 2552 passione.
820 2477 919 2534 -Hic
934 2481 1040 2534 autem
1055 2479 1195 2534 occurrit

134 2563 276 2622 dubium:
293 2573 401 2624 Nonne
417 2585 505 2626 amor
520 2571 623 2626 oritur
647 2585 688 2626 ex
711 2569 817 2638 aliqua
840 2570 997 2640 passione,
1021 2568 1140 2622 scilicet
1154 2581 1194 2622 ex

134 2653 354 2712 delectatione?
369 2661 465 2714 Amor
478 2659 561 2714 enim
576 2658 679 2714 fertur
693 2659 726 2712 in
741 2658 773 2713 id
789 2657 871 2727 quod
882 2658 997 2727 placet.
1018 2687 1052 2696 -
1067 2656 1116 2710 Sic
1131 2669 1193 2712 res·

134 2744 321 2810 pondemus:
348 2748 467 2815 Aliquis
488 2762 577 2803 amor
599 2748 681 2802 oriri
703 2747 808 2817 potest
831 2761 869 2802 ex
895 2745 1112 2809 delectatione,
1139 2745 1193 2801 sed

133 2829 265 2891 absolute
291 2850 382 2890 amor
407 2836 646 2892 delectationem
667 2835 827 2906 praecedit.
845 2837 921 2890 Sanc
937 2834 1102 2890 delectatio
1118 2847 1193 2902 cog-

135 2921 193 2976 nita
214 2926 261 2979 est
285 2924 477 2995 principium
500 2925 628 2992 amoris,
645 2925 698 2980 sed
715 2939 765 2980 res
788 2939 850 2979 non
865 2925 999 2980 delectat
1022 2925 1053 2980 et
1072 2924 1193 2992 quietat

133 3012 300 3081 appetitum
316 3013 377 3068 nisi
393 3015 466 3081 quia
480 3016 616 3069 amatur.
633 3013 720 3068 Unde
736 3013 845 3068 scribit
857 3011 885 3068 S.
902 3013 978 3067 Tb:

164 3120 250 3174 Nulla
265 3121 329 3175 alia
344 3121 446 3190 passio
465 3124 513 3177 est
534 3135 602 3189 quae
626 3135 688 3176 non
706 3121 930 3192 praesupponat
953 3121 1089 3189 aliquem
1105 3134 1191 3174 amo-

135 3200 201 3244 rem.
217 3191 314 3259 Cujus
334 3193 416 3248 ratio
432 3194 488 3258 est,
507 3194 581 3260 quia
600 3194 702 3248 omnis
717 3193 779 3247 alia
793 3192 897 3262 passio
917 3193 1029 3246 animae
1042 3191 1193 3259 importat

134 3262 243 3316 notum
265 3263 304 3318 ad
325 3263 443 3330 aliquid
458 3264 509 3319 vel
524 3263 660 3332 quietem
676 3263 707 3318 in
719 3264 834 3332 aliquo.
847 3264 951 3317 Omnis
967 3264 1071 3317 autem
1089 3261 1192 3316 motus

134 3330 166 3384 ad
184 3333 301 3402 aliquid
320 3335 372 3389 vel
393 3335 480 3403 quies
495 3336 528 3389 in
547 3335 651 3403 aliquo
671 3350 710 3390 ex
732 3334 832 3402 aliqud
855 3333 1119 3389 connaturalitate
1142 3332 1194 3386 vel

132 3405 322 3478 ooaptatione
335 3407 487 3474 procedit,
502 3421 571 3476 quae
586 3407 723 3476 pertinet
736 3406 773 3460 ad
789 3406 945 3461 rationem
962 3405 1088 3459 amoris.
1105 3403 1192 3458 Unde

132 3476 317 3543 impossibile
333 3479 380 3532 est
405 3477 486 3546 quod
501 3478 606 3544 aliqua
620 3477 683 3530 alia
697 3477 800 3546 passio
816 3477 928 3532 animae
954 3475 996 3530 sit
1010 3489 1104 3530 causa
1118 3475 1192 3528 uni-

134 3547 292 3603 versaliter
306 3549 408 3604 omnis
423 3549 551 3604 amoris.
568 3548 727 3617 Contingit
741 3551 848 3603 tamen
863 3547 999 3615 aliquam
1015 3545 1107 3620 aliam
1123 3560 1192 3616 pas-

132 3613 243 3673 sionem
278 3633 345 3674 esse
377 3633 502 3676 causam
536 3620 653 3674 amoris
682 3619 827 3688 alicujus,
863 3618 945 3673 sicut
969 3617 1063 3674 etiam
1092 3631 1192 3677 unum

133 3681 240 3744 bonum
256 3693 305 3745 est
319 3703 414 3746 causa
427 3691 592 3746 alterius...
608 3689 733 3759 (Deinde
749 3688 855 3745 subdit
866 3689 905 3744 ad
928 3687 974 3758 1¹¹²)
988 3703 994 3741 :

159 3851 434 3922 (1112111111.
451 3858 517 3906 4.-
534 3857 575 3908 ef.
597 3858 679 3906 ctiam
697 3857 763 3907 ibid.
779 3872 807 3922 q·
823 3858 863 3914 25,
877 3871 900 3906 a.
916 3855 939 3913 3,
955 3856 1049 3906 versus
1064 3855 1159 3905 finem.
