2828 4550
227 337 278 394 las
654 351 869 396 rsrcnococm

229 464 353 534 quando
368 463 440 520 actu
457 477 517 520 non
535 464 686 520 discurrit
698 478 754 520 nec
767 463 926 536 intelligit.
940 465 997 522 Sed
1011 468 1142 524 scientia
1155 484 1213 526 seu
1229 471 1304 528 doc-

225 553 315 609 trina
329 553 458 610 videtur
473 567 539 609 esse
554 553 660 622 aliqua
677 553 827 623 perfectio
852 554 1009 621 distincta,
1032 571 1100 626 quas
1120 561 1301 630 permanet,

227 641 304 698 licet
323 642 465 713 operatio
480 656 534 698 seu
549 643 638 698 actus
651 641 789 698 scientiae
805 657 866 698 non
881 647 1076 701 exerceatur.

264 731 351 788 Unde
385 731 500 787 meritb
538 729 715 786 scholastici
748 732 898 788 dixerunt
926 733 1066 790 habitum
1097 749 1164 792 esse
1192 737 1301 794 actum

227 820 375 890 potentiae
391 835 445 878 seu
461 819 632 882 facultatis,
655 820 738 875 sicut
753 821 896 890 potentia
910 823 958 878 cst
971 822 1059 879 actus
1075 825 1213 891 naturae;
1225 841 1299 882 nam

225 923 339 965 revera
362 908 489 964 habitus
510 910 683 980 potentiam
705 909 836 978 perlicit,
866 910 948 966 sicut
970 912 1113 981 potentia
1135 914 1298 972 naturam.

110 983 123 1020 ·’
225 998 340 1054 Deinde
356 997 482 1054 habitus
498 999 565 1068 ipse
579 996 745 1068 perficitur
763 999 956 1069 operatione,
973 1015 1042 1070 quea
1057 1001 1106 1057 est
1119 1003 1189 1072 eJus
1205 1005 1301 1061 eiice-

223 1089 275 1142 tus
302 1101 357 1143 seu
382 1088 480 1143 actus.
506 1088 584 1142 sane
607 1087 734 1142 habitus
753 1087 857 1142 oritur
889 1089 1078 1146 naturaliter
1105 1105 1145 1146 ex
1173 1093 1301 1150 actibus

222 1177 378 1247 repetitis
399 1177 451 1244 qui
484 1175 620 1245 primhm
644 1176 768 1231 nonnisi
784 1191 823 1231 ex
843 1177 986 1246 potentia
1013 1179 1209 1250 procedunt3
1243 1175 1298 1238 sed

223 1265 335 1320 deinde
356 1265 483 1320 habitus
498 1264 564 1335 ipse
584 1262 621 1319 iit
636 1263 827 1336 principium
849 1265 1067 1322 immediatum
1089 1267 1218 1323 actuum
1240 1284 1298 1326 seu

222 1355 442 1425 operationum
464 1368 471 1406 ε
493 1353 575 1408 sicut
589 1353 691 1417 arbor,
707 1367 775 1421 quae
786 1367 824 1407 ex
839 1354 958 1408 semine
973 1354 1006 1410 et
1020 1354 1127 1410 fructu
1141 1358 1217 1413 nata
1235 1361 1298 1424 est,

222 1443 291 1514 ipsa
306 1442 417 1498 deinde
437 1455 535 1498 novos
550 1441 673 1497 fructus
688 1442 720 1496 et
735 1455 816 1496 nova
830 1442 949 1498 semina
962 1443 1108 1514 producit
1126 1447 1158 1502 et
1172 1446 1240 1503 alit.

257 1588 319 1643 987.
341 1585 394 1642 De
409 1585 538 1641 habitu
553 1581 591 1640 et
602 1583 815 1645 hereditate.
835 1616 868 1624 —
888 1587 1031 1641 Occurrit
1040 1600 1122 1642 nunc
1136 1590 1268 1656 quaestio
1285 1609 1294 1645 ε

223 1679 268 1731 An
293 1675 430 1737 habitus,
452 1675 546 1730 simul
570 1688 640 1728 cum
664 1672 779 1728 natura
805 1675 837 1729 et
864 1675 1013 1743 potentiis
1042 1677 1209 1745 organicis
1237 1695 1297 1749 per

221 1763 427 1820 hereditatem
443 1758 724 1818 transmittantur?

257 1849 352 1924 Resp.
371 1881 404 1890 -
420 1851 560 1905 Primum
577 1849 773 1920 experientia
784 1851 906 1905 constat
920 1851 1115 1907 solummodo
1129 1853 1293 1921 naturam,

221 1940 378 2010 potentias
392 1939 565 2007 organicas,
582 1939 724 2008 corporis
744 1939 1002 2009 complexionem,
1018 1939 1240 2011 dispositiones
1261 1944 1296 1998 et

221 2031 299 2084 alias
319 2028 487 2097 qualitates
508 2027 690 2097 huJ'usmodi
715 2041 782 2082 esse
803 2028 1020 2084 hereditarias.
1038 2029 1168 2086 Habitus
1182 2037 1291 2088 autem

218 2118 347 2189 proprie
363 2117 448 2182 dicti,
474 2117 557 2172 sicut
571 2117 708 2172 scientiae
723 2116 755 2171 et
768 2115 916 2180 virtutes,
930 2118 1017 2173 nullo
1028 2117 1119 2174 modo
1129 2133 1187 2189 per
1199 2119 1293 2176 here-

219 2207 350 2262 ditatem
365 2206 641 2271 transmittuntur3
660 2219 715 2260 nec
738 2205 912 2260 transmitti
932 2208 1076 2276 possunt.
1098 2208 1176 2261 Nam
1198 2208 1293 2263 hahi-

218 2298 272 2353 tus
287 2297 361 2352 sunt
378 2295 654 2352 determinationes
670 2294 869 2362 acquisitaeet
881 2293 986 2349 liberae
996 2295 1211 2365 potentiarum
1221 2311 1293 2366 quae

218 2386 409 2441 naturaiiter
428 2386 503 2441 sunt
517 2383 768 2439 indeterminatae
790 2384 874 2438 inter
892 2383 985 2455 plura
1006 2385 1190 2453 oppposita;
1208 2386 1293 2441 unde

218 2476 280 2531 nisi
302 2475 451 2546 potentiae
466 2475 535 2528 istae
550 2471 664 2528 fierent
678 2473 847 2528 instinctus
871 2473 903 2527 et
920 2473 1082 2540 organicae,
1112 2474 1292 2530 transmitti

217 2579 280 2618 non
295 2565 428 2634 possunt
441 2577 511 2616 cum
528 2562 593 2617 suis
605 2559 929 2617 determinationibus.

254 2655 409 2718 ceterum,
430 2651 605 2720 subiectum
630 2651 803 2722 principale
829 2650 994 2706 habituum
1015 2653 1063 2706 est
1080 2651 1150 2721 ipsa
1169 2653 1289 2718 anima,

219 2743 438 2798 secundarium
460 2743 565 2795 autem
590 2741 664 2794 sunt
682 2754 808 2808 organa.
830 2742 927 2794 Porro
951 2739 1056 2794 anima
1070 2739 1210 2795 humana
1225 2756 1287 2797 non

216 2831 449 2886 transmittitur
462 2845 519 2899 per
543 2829 775 2898 generationem
800 2842 900 2895 neque
919 2829 1065 2884 educitur
1085 2844 1123 2884 ex
1144 2831 1288 2898 potentia

218 2919 375 2984 materiae;
392 2918 455 2980 sed,
472 2920 542 2974 cum
562 2919 604 2973 sit
618 2917 802 2988 spiritualis,
824 2921 915 2972 abeo
937 2919 1072 2972 creatur.
1089 2917 1176 2973 Unde
1191 2917 1288 2975 homo

215 3022 274 3079 per
295 3006 500 3063 hereditatem
527 3007 640 3076 accipit
659 3007 855 3061 solummodo
879 3007 1097 3076 dispositiones
1120 3007 1287 3076 organicas

215 3098 253 3152 ad
272 3095 397 3151 habitus
412 3097 627 3163 acquirendos,
644 3097 822 3150 nouantem
839 3096 924 3165 ipsos
936 3095 1072 3152 habitus.

249 3230 316 3286 988.
335 3229 494 3286 Habitus
515 3229 692 3284 fundatur
710 3230 747 3282 in
769 3231 912 3284 natura.
928 3259 963 3268 -
988 3232 1031 3283 Ex
1046 3229 1095 3284 his
1116 3244 1186 3297 quae
1201 3230 1289 3285 dieta

214 3320 289 3375 sunt
303 3319 340 3374 de
356 3317 471 3374 natura
487 3319 662 3382 habituum,
675 3317 742 3386 Jam
753 3318 845 3388 plura
855 3318 1192 3386 sequuntur.v1demus
1200 3319 1285 3373 enim

215 3408 339 3463 habitus
355 3422 421 3464 esse
436 3407 583 3463 fundatos
598 3407 631 3460 in
646 3406 770 3471 naturai,
792 3407 864 3462 licet
878 3421 896 3462 a
916 3406 1032 3462 natura
1053 3406 1115 3460 sint
1130 3406 1286 3471 distincti,

212 3496 302 3564 eique
333 3497 475 3552 absolute
501 3495 715 3551 contradicere
733 3510 794 3550 non
819 3510 920 3566 posse.
951 3495 1159 3564 intelligimus
1187 3495 1287 3550 etiam

214 3583 339 3639 habitus
356 3586 463 3654 augeri
480 3585 511 3640 et
527 3584 633 3657 perlici
650 3584 811 3648 exercitio,
829 3581 927 3639 minui
942 3586 1047 3640 autern
1072 3585 1104 3640 et
1124 3584 1287 3652 corrumpi

213 3687 270 3742 per
288 3673 414 3728 habitus
433 3675 627 3738 contrarios3
654 3673 806 3752 distingui
829 3673 913 3729 inter
932 3688 964 3729 se
987 3674 1019 3728 et
1040 3670 1214 3744 specificari
1228 3686 1290 3743 per

214 3762 304 3817 actus
320 3766 351 3818 et
366 3761 498 3831 obiecta,
515 3763 567 3819 sed
593 3764 696 3818 minus
712 3763 838 3818 extendi
854 3763 946 3831 quam
967 3761 1131 3833 potentias,
1149 3775 1287 3831 quarum
