2910 4568
218 373 255 432 oi
649 391 867 436 rsrouoncom

217 498 329 556 sensts
343 501 519 558 communis
533 515 589 558 sen
604 502 802 559 ennoematice
826 503 982 562 sensibilis
1002 519 1069 563 csse
1093 521 1154 565 nou
1173 511 1290 581 potest,

217 589 329 645 saltem
344 589 574 662 principaliter,
594 591 656 647 nisi
671 593 704 648 in
719 592 856 649 cerebro.

254 679 342 743 Nam,
356 679 426 734 cum
447 693 556 735 sensus
571 681 746 736 communis
762 695 869 738 omnes
888 683 1081 740 sensationes
1095 686 1244 744 externas
1259 690 1295 746 et

216 767 358 824 internas
375 767 478 836 aliquo
501 768 592 824 modo
619 769 755 840 colligat,
771 772 933 842 comparet
955 773 987 828 et
1007 772 1141 837 ordinet,
1162 778 1293 847 oporiet

217 857 254 912 ut
273 857 341 924 ejus
365 871 518 926 organum
542 857 584 912 sit
606 853 694 927 quasi
715 858 806 914 radix
830 860 1008 917 ceterorum
1030 863 1124 934 atque
1146 877 1218 920 cum
1240 867 1291 923 eis

219 945 400 1002 immediate
415 946 635 1004 communicet.

663 1266 793 1329 CAPUT
812 1269 838 1328 L

606 1439 645 1480 DE
663 1440 898 1482 lunaruariorlll

249 1601 292 1657 De
307 1596 533 1668 imaginatione
548 1595 730 1652 statuuntur
745 1597 907 1666 sequentia
922 1613 929 1652 :

252 1709 373 1764 Tussis.
391 1734 424 1744 -
438 1700 630 1775 Imaginatio
645 1703 690 1758 est
701 1701 838 1772 facultas
851 1701 1002 1759 distincta
1016 1704 1053 1760 ab
1069 1703 1238 1772 intellectu,
1252 1737 1292 1748 -

212 1809 333 1850 accrwa
353 1792 389 1847 ab
405 1790 478 1848 aliis
493 1789 642 1857 sensibus,
659 1789 767 1862 quibus
790 1791 1002 1847 communicat
1023 1796 1053 1848 et
1072 1793 1176 1865 utiquo
1196 1795 1293 1850 modo

215 1881 335 1938 enceltit
343 1899 354 1944 ;
370 1913 405 1922 -
420 1881 488 1952 ejus
502 1879 589 1936 sedes
603 1877 639 1934 tu
653 1895 777 1934 summo
792 1879 915 1935 ceretro
933 1897 998 1937 esse
1015 1881 1155 1938 videtur.
1220 1931 1222 1937 .

249 2007 316 2062 843.
339 2006 558 2077 Imaginatio
581 2010 637 2061 est
655 2005 828 2061 distinete
855 2006 902 2062 ab
925 2006 1131 2077 intellectu;
1159 2022 1289 2066 eorum

211 2095 416 2153 relationes.
432 2127 465 2135 —
484 2095 512 2148 10
532 2095 710 2150 Intellectus
725 2095 830 2150 differt
853 2094 891 2150 ab
915 2095 1140 2166 imaginatione
1160 2097 1242 2154 sicut
1268 2113 1291 2153 a

213 2185 324 2242 ceteris
347 2185 489 2241 sensibus
506 2183 708 2240 :intellectus
730 2185 811 2239 enim
835 2184 883 2240 est
907 2185 1146 2253 universalium,
1164 2186 1288 2255 imagi-

211 2275 257 2330 tio
272 2277 348 2330 vero
363 2275 411 2330 cst
424 2273 664 2346 particularium
679 2273 711 2328 et
725 2272 989 2341 contingentium.
1004 2273 1089 2330 Licet
1103 2274 1287 2331 intellectus

211 2377 305 2432 agere
330 2365 464 2432 nequeat
490 2363 552 2417 nisi
578 2376 649 2416 cum
681 2361 907 2430 imaginatione
935 2363 1143 2428 consocietur,
1175 2363 1287 2418 tamen

211 2452 376 2521 utriusque
403 2451 562 2506 facultatis
586 2451 674 2505 actus
698 2450 729 2504 et
757 2449 879 2519 objecta
901 2453 1066 2520 remanent
1089 2451 1216 2507 omnino
1238 2452 1288 2506 di-

210 2554 311 2596 versa.
325 2540 417 2596 Aliud
432 2541 480 2595 est
494 2540 577 2594 enim
593 2538 865 2608 comprehendere,
875 2539 1027 2607 judicare,
1044 2539 1170 2608 eligere,
1187 2541 1286 2596 ratio·

209 2628 319 2693 cinari,
342 2629 374 2684 et
400 2628 487 2684 aliud
514 2626 736 2697 phantasmata
764 2626 856 2682 edere
888 2629 939 2682 vel
971 2628 1101 2683 sociare.
1128 2628 1288 2686 Differunt

210 2717 310 2786 igitur
328 2717 508 2772 intellectus
531 2717 563 2772 et
585 2715 769 2784 imaginatio
795 2715 877 2771 sicut
895 2715 966 2771 idea
990 2716 1118 2786 proprie
1141 2716 1224 2772 dicta
1249 2723 1287 2774 et

210 2805 323 2875 imago,
354 2807 523 2876 conceptus
552 2806 583 2861 et
609 2805 805 2876 phantasma.
832 2807 909 2866 ¹Sane
934 2805 1005 2860 idea
1028 2804 1079 2860 vel
1112 2805 1284 2876 conceptus

211 2893 408 2950 abstrahitur
428 2895 466 2950 ab
489 2894 625 2962 imagine
647 2893 697 2948 vel
711 2895 942 2965 phantasmate,
963 2894 994 2948 et
1010 2909 1067 2964 per
1081 2907 1118 2948 ea
1132 2895 1286 2965 exprimi-

210 2985 282 3049 tur;
312 2984 394 3038 unde
422 2983 605 3052 imaginatio
635 2983 771 3038 maxime
800 2982 935 3038 inservit
966 2982 1141 3038 intellectui
1173 2983 1219 3036 ita
1244 2985 1286 3039 ut

211 3073 315 3146 ipsum
347 3071 509 3141 ingenium
545 3071 752 3141 ingrediatur.
782 3073 1017 3138 Verumtamen,
1057 3071 1084 3126 si
1117 3070 1283 3140 ingenium

157 3198 160 3203 -
210 3161 355 3230 exsurgit
376 3175 415 3216 ex
430 3161 561 3230 quadam
582 3159 767 3215 excellentia
781 3161 812 3216 et
830 3160 1035 3232 proportione
1057 3159 1234 3214 intellectis
1249 3161 1287 3216 et

209 3249 455 3320 imaginationis,
478 3248 537 3306 hoc
562 3250 610 3305 est
629 3249 702 3318 quia
724 3249 885 3318 ingenium
910 3250 958 3304 est
980 3248 1111 3304 facultas
1133 3247 1287 3304 essentia-

210 3339 285 3396 liter
300 3339 426 3410 duplex,
443 3339 563 3394 seilicet
575 3337 799 3394 intellectualis
816 3338 848 3393 et
862 3337 1028 3393 sensibilis.

203 3429 204 3432 ’
241 3437 274 3491 20
291 3437 461 3504 Utriusque
474 3434 633 3491 facultatis
648 3434 808 3492 distinctio
824 3435 954 3505 apparat
970 3449 1010 3490 ex
1034 3439 1069 3490 eo
1091 3434 1173 3502 quod
1187 3433 1289 3490 bruta

201 3526 384 3583 'animantia
397 3524 621 3594 imaginatione
645 3538 707 3580 non
732 3524 960 3586 destituuntur,
977 3525 1041 3578 imo
1055 3522 1293 3592 imaginatione

212 3615 348 3670 maxime
365 3613 471 3668 vivida
485 3627 567 3683 saepe
581 3613 744 3679 fruuntur,
757 3613 793 3668 ut
806 3613 895 3682 patet
909 3627 948 3668 ex
959 3626 1069 3668 eorum
1085 3611 1238 3667 memorii
1250 3615 1288 3669 et

210 3703 375 3768 instinctu,
388 3703 458 3757 edm
473 3703 579 3757 tamen
589 3703 785 3758 intellectum
799 3701 928 3774 proprie
944 3701 1061 3757 dictum
1077 3715 1140 3756 non
1154 3699 1286 3758 habent.

246 3800 276 3855 3⁰
293 3801 407 3856 Eadem
432 3799 593 3856 distinctio
617 3799 796 3856 ostenditur
813 3812 853 3856 ex
875 3797 1017 3862 somniis,
1043 3797 1096 3853 ubi
1121 3797 1209 3867 viget
1226 3812 1289 3856 sae-
