2910 4568
250 377 285 432 24
680 393 895 436 rsrcuonoorn

251 517 347 571 snpra
366 503 453 558 illam
470 504 586 558 iterum
609 503 680 568 alia,
697 502 829 571 quaeest
847 503 1052 559 intellectiva.
1068 505 1105 558 nt
1123 503 1169 559 sic
1192 504 1267 558 sunt
1290 504 1323 557 in

251 575 378 629 homine
393 577 458 631 tres
480 575 604 636 animae,
627 587 761 642 quarum
784 588 846 630 una
860 577 908 628 est
931 574 964 630 in
988 573 1130 645 potentie
1153 574 1191 630 ad
1210 573 1322 639 aliam;

250 645 334 712 quod
359 660 458 716 supra
481 645 694 716 improbatum
718 647 800 701 est...
827 645 863 700 ut
888 645 957 701 ideo
973 646 1025 700 alii
1042 646 1151 701 dicunt
1169 645 1251 712 quod
1267 645 1322 700 ille

250 716 358 771 eadem
374 717 479 772 anima
493 731 561 786 quae
577 717 679 787 primo
694 716 756 772 luit
770 717 950 786 vegetativa
968 717 1103 782 tantum,
1120 717 1320 786 postmodum

250 801 307 857 per
321 789 476 846 actionem
496 788 627 844 virtutis
642 802 709 854 quae
729 787 828 843 estin
850 789 968 844 semine
994 787 1181 859 perducitur
1198 787 1237 843 ad
1262 786 1321 842 boc

251 861 287 914 ut
301 858 370 929 ipsa
383 859 491 914 eadem
507 858 562 914 liat
572 859 780 925 intellectiva,
794 873 855 914 non
866 859 991 928 quidem
1011 873 1068 928 per
1080 859 1231 914 virtutem
1245 859 1322 914 acti-

250 943 323 984 vam
347 930 486 994 seminis‚
507 931 561 985 sed
587 945 644 1002 per
667 930 820 985 virtutem
848 945 885 985 su
910 930 1021 986 erioris
1042 931 1174 998 agentis,
1200 929 1320 985 scilicet

251 1000 305 1054 Dei
321 1000 357 1056 de
373 1001 450 1056 foris
465 1001 666 1057 illustrantis.
684 1004 721 1056 ut
742 1005 873 1072 propter
888 946 946 1057 goe
970 1001 1047 1057 dicit
1069 1001 1317 1074 Philosophus...

251 1072 334 1138 qubd
354 1073 532 1127 intellectus
551 1073 639 1128 venit
660 1071 698 1127 ab
718 1071 980 1128 extrinsecorscd
996 1073 1053 1128 boc
1068 1073 1152 1128 stare
1178 1085 1240 1126 non
1261 1085 1319 1140 po·

205 1151 207 1157 ⁴
251 1146 336 1197 test:
362 1145 464 1213 primb
486 1144 622 1213 quidem,
639 1145 712 1212 quia
735 1143 822 1198 nulla
843 1143 946 1198 forma
966 1143 1183 1198 substantialis
1208 1143 1321 1212 recipit

253 1213 351 1282 inagis
371 1215 403 1270 et
419 1215 542 1278 minus3
563 1216 616 1271 sed
641 1215 855 1284 superadditio
877 1214 1006 1284 majoris
1022 1213 1224 1284 perfectionis
1244 1213 1322 1268 facit

251 1285 345 1340 aliam
357 1287 503 1356 speciem,
514 1287 596 1342 sicut
606 1286 724 1341 additio
735 1286 867 1342 unitatis
883 1286 958 1341 iacit
970 1285 1062 1340 aliam
1075 1285 1210 1356 speciem
1222 1285 1253 1339 in
1266 1299 1323 1340 nu·

253 1357 358 1411 meris.
368 1357 434 1411 Non
444 1357 493 1412 est
502 1359 608 1413 autem
620 1357 766 1428 possibile
778 1359 814 1412 ut
825 1371 887 1412 una
898 1359 929 1413 et
943 1357 1049 1412 eadem
1063 1357 1165 1412 forma
1177 1369 1322 1420 numero,

252 1427 295 1482 sit
310 1427 508 1484 diversarum
521 1429 708 1498 specierum.
721 1428 870 1492 secundo,
890 1428 964 1496 quia
977 1429 1162 1496 sequeretur
1177 1427 1259 1494 qubd
1273 1441 1323 1496 ge·

253 1499 375 1554 necatio
386 1499 531 1555 animalis
543 1500 626 1555 esset
639 1501 743 1554 motus
758 1499 926 1554 continuus
936 1499 1088 1568 paulatim
1104 1499 1274 1570 procedens
1286 1499 1324 1553 de

252 1569 438 1640 imperfecto
457 1571 496 1626 ad
511 1572 696 1642 perlectum,
713 1571 797 1626 siout
808 1570 921 1624 accidit
940 1571 973 1624 in
992 1571 1188 1625 alteratione.
1204 1570 1323 1632 Tertio,

254 1641 329 1708 quia
347 1643 534 1708 sequeretur
548 1641 629 1708 quod
646 1643 806 1709 generatio
821 1641 958 1696 hominis
973 1643 1029 1696 aut
1043 1642 1187 1696 animalis
1203 1654 1265 1695 non
1282 1641 1325 1695 sit

255 1713 416 1782 generatio
431 1713 627 1784 simpliciter,
644 1713 718 1780 quia
737 1713 913 1780 subjectum
936 1712 1005 1780 eJus
1020 1713 1103 1767 esset
1116 1727 1171 1767 ens
1186 1714 1272 1766 actu.
1292 1712 1323 1765 Si

254 1783 338 1837 enim
354 1797 372 1838 a
388 1785 541 1854 principio
557 1785 589 1839 in
610 1783 742 1838 materici
756 1783 854 1853 prolis
878 1787 927 1838 est
950 1783 1056 1838 anima
1080 1782 1274 1850 vegetabilis,
1291 1784 1324 1837 et

254 1855 454 1924 postmodum
480 1869 577 1923 usque
604 1857 642 1910 ad
667 1854 840 1925 perfectum
863 1855 1017 1924 paulatim
1044 1853 1238 1924 perducitur,
1260 1853 1324 1908 erit

252 1939 379 1995 semper
392 1927 510 1981 additio
535 1925 737 1995 perfectionis
757 1927 915 1992 sequentis
939 1927 1007 1980 sine
1031 1925 1234 1995 corruptione
1249 1938 1323 1994 per-

255 1996 399 2052 lectionis
414 1997 618 2067 praecedentis
631 2013 638 2060 ;
652 1997 734 2066 quod
748 2000 796 2052 est
810 1999 921 2052 eontra
934 1997 1089 2052 rationem
1109 1995 1322 2064 generationis

185 2081 187 2086 ⁸
254 2067 455 2137 simpliciter.
474 2071 600 2132 Quarto,
618 2070 691 2136 quia
707 2068 807 2122 antid
821 2069 903 2135 quod
918 2069 1067 2123 causatur
1080 2082 1118 2122 ex
1130 2067 1253 2122 actione
1268 2066 1322 2121 Dei

254 2140 303 2192 est
317 2139 434 2206 aliquid
450 2140 636 2200 subsistens:
654 2139 743 2194 etita
756 2140 882 2208 oportet
895 2138 977 2208 qudd
993 2138 1035 2192 sit
1049 2138 1135 2192 aliud
1150 2153 1206 2206 per
1220 2151 1323 2192 essen-

254 2211 332 2263 tiam
352 2225 371 2263 a
387 2210 489 2266 forma
502 2211 734 2281 praeexistente,
759 2223 829 2278 quae
853 2224 915 2264 nou
936 2217 1005 2264 erat
1020 2209 1213 2270 subsistens;
1229 2211 1262 2263 et
1278 2210 1323 2262 sic

255 2281 372 2336 redibit
387 2283 491 2350 opinio
515 2281 698 2353 ponentium
717 2283 825 2352 plures
845 2282 966 2335 animas
980 2282 1013 2334 in
1028 2295 1158 2350 corpore
1171 2296 1177 2344 ;
1194 2282 1324 2334 autnon

254 2355 303 2406 est
323 2353 440 2419 aliquid
456 2353 638 2416 subsistens,
656 2353 708 2408 sed
724 2353 865 2420 quaedam
880 2352 1031 2422 perfectio
1050 2352 1163 2406 animae
1184 2351 1326 2416 preexis-

255 2423 351 2478 tentis
364 2439 372 2488 ;
387 2425 476 2480 etsie
494 2441 533 2479 ex
548 2424 733 2480 necessitate
748 2423 893 2492 sequitur
907 2423 988 2490 qubd
1009 2423 1115 2484 anima
1134 2422 1328 2476 intellectiva

254 2497 488 2564 corrumpatur,
510 2500 658 2561 corrupto
683 2508 835 2564 corpore;
858 2494 939 2562 quod
963 2495 1011 2548 est
1037 2493 1264 2562 impossibile...
1288 2495 1328 2548 Et

256 2565 326 2622 ideo
346 2565 510 2620 dicendum
526 2571 575 2621 est
589 2565 672 2633 qubd
686 2567 757 2620 cum
774 2566 934 2633 generatio
953 2566 1046 2620 unius
1062 2578 1186 2634 semper
1204 2565 1246 2618 sit
1260 2577 1328 2618 cor-

255 2637 364 2706 ruptio
379 2637 521 2703 alterius,
535 2651 659 2692 necesse
679 2640 727 2691 est
742 2637 844 2691 dicere
864 2637 945 2702 quod
960 2637 1026 2690 tam
1041 2637 1075 2690 in
1092 2635 1217 2690 homine
1232 2633 1327 2702 quam

257 2707 494 2762 inanimalibus
514 2707 594 2771 aliis,
612 2708 735 2776 quando
750 2709 920 2777 perfectior
940 2707 1042 2762 forma
1053 2707 1192 2774 advenit,
1210 2705 1247 2760 lit
1261 2719 1329 2760 cor-

258 2779 364 2846 ruptio
379 2779 510 2850 prioris;
526 2779 572 2833 ita
586 2789 690 2832 tamen
706 2779 788 2846 qubd
804 2793 936 2848 sequens
950 2778 1052 2833 forma
1068 2778 1160 2832 babet
1175 2776 1327 2844 quidquid
1395 2777 1399 2787 '

258 2843 391 2904 bibebat
408 2851 520 2920 prima.
536 2853 569 2906 et
587 2851 689 2904 adbuc
713 2849 848 2920 amplius
865 2867 872 2904 ι
889 2852 920 2904 et
939 2850 984 2904 sic
999 2863 1055 2920 per
1071 2850 1184 2904 multas
1199 2862 1329 2914 genera·

258 2921 362 2975 tiones
381 2921 413 2976 et
427 2922 644 2991 corruptiones
661 2922 847 2991 pervenitur
866 2921 904 2974 ad
930 2921 1073 2975 ultimam
1097 2920 1230 2974 sormam
1254 2919 1327 2973 sub-

256 2991 446 3054 stantialem,
464 2993 527 3046 tam
551 2993 584 3046 in
612 2991 737 3047 homine
757 2992 850 3058 quam
877 2993 910 3046 in
934 2993 1005 3046 aliis
1026 2989 1254 3046 animalibus...
1276 2989 1326 3044 Sic

257 3063 358 3129 igitur
371 3063 536 3118 dicendum
553 3063 695 3131 estquod
710 3064 814 3118 anima
830 3063 1024 3118 intellectiva
1038 3063 1166 3117 creatur
1181 3075 1199 3116 a
1214 3064 1274 3116 Deo
1290 3061 1324 3114 in

258 3135 318 3188 line
338 3135 547 3202 generationis
563 3135 718 3196 humanae,
736 3149 805 3201 quae
822 3134 916 3190 simul
932 3136 979 3188 est
998 3139 1029 3187 et
1049 3133 1200 3188 sensitiva
1219 3133 1250 3187 et
1269 3145 1327 3186 nu-

257 3205 380 3268 tritiva,
401 3206 559 3274 corruptis
578 3205 688 3260 formis
703 3205 977 3274 praeexistentibus
993 3205 1041 3273 (l).

294 3311 351 3366 Sed
365 3312 496 3380 plurimi
510 3311 688 3367 scholastici
709 3312 898 3366 recentiores
922 3311 1111 3366 sententiam
1134 3309 1325 3365 contrariam

257 3400 428 3469 amplexati
448 3403 532 3465 sunt,
550 3402 687 3457 dicentes
707 3415 822 3470 corpus
843 3400 1015 3455 humanum
1037 3414 1055 3454 a
1077 3399 1179 3470 primo
1194 3397 1329 3453 instanti

257 3490 470 3558 conceptionis
486 3489 651 3544 informari
665 3490 771 3545 animal
787 3490 954 3559 spirituali.
973 3489 1071 3557 Hujus
1092 3488 1200 3545 autem
1216 3488 1331 3542 animae

257 3577 433 3646 spiritualis
453 3579 602 3648 potentiae
623 3579 757 3634 diversae
770 3578 944 3654 transirent
959 3577 1135 3633 successive
1155 3577 1187 3630 in
1211 3579 1333 3643 actum,

258 3667 305 3720 ita
320 3667 355 3721 ut
370 3667 473 3736 primo
497 3681 551 3722 ens
574 3670 768 3736 generatum,
790 3667 985 3722 solummodo
1011 3665 1199 3728 nutriretur,
1221 3663 1333 3719 deinde

289 3808 323 3866 (l)
341 3809 376 3866 1³,
395 3823 420 3870 q.
439 3807 491 3866 118,
506 3824 529 3856 e.
542 3809 564 3860 2.
585 3809 617 3855 ad
628 3807 651 3858 2.
