2790 4546
644 413 697 454 JUS
717 413 891 455 NATURALX

633 656 761 716 OAPUT
775 655 907 715 LXXXI

292 819 332 860 DE
351 818 555 861 unraluoulo
575 819 612 858 ΕΤ
632 817 766 859 reulum
786 817 856 859 alvu
875 818 914 860 DE
933 818 1055 860 monem
1074 819 1251 862 ramnerici

269 971 406 1026 Familiae
422 971 637 1026 existentiaet
652 971 753 1026 officia
764 970 938 1026 tundantur
951 971 984 1026 in
1001 972 1295 1042 matrimoni0,qaod

231 1063 280 1116 est
294 1062 473 1116 contractus
490 1060 619 1114 maximi
636 1059 786 1114 momenti
799 1063 831 1114 et
845 1073 969 1116 sacrum
992 1060 1049 1116 sub
1072 1060 1140 1130 lege
1165 1077 1295 1131 evange-

232 1149 301 1204 lici.
323 1149 409 1204 Unde
424 1149 495 1204 cum
510 1162 593 1203 nunc
614 1147 656 1202 sit
675 1148 829 1216 agendum
855 1148 893 1202 de
909 1149 1020 1204 morali
1033 1149 1216 1215 domestici,
1231 1151 1293 1220 pri-

233 1240 318 1293 miim
335 1239 372 1294 de
389 1238 589 1293 matrimonio
605 1237 770 1292 dicendum
786 1238 843 1292 est.

266 1348 432 1400 Tiresia-
452 1339 500 1397 lie
515 1358 684 1414 canyupum
708 1357 860 1397 consensu
875 1346 984 1398 mertun
1002 1344 1031 1398 et
1053 1342 1149 1399 libero
1164 1343 1294 1416 easnrpit

230 1431 486 1488 matrimonium.
504 1461 537 1474 -
552 1428 679 1504 Nuptiae
694 1434 800 1485 autem
815 1434 935 1486 naturai
952 1434 1011 1487 sua
1035 1432 1171 1488 honestae
1185 1435 1256 1488 suni
1270 1435 1295 1488 et

227 1523 423 1595 praestantes,
452 1518 522 1575 licet
541 1518 744 1592 praestantior
775 1517 816 1573 sit
844 1518 1002 1574 caelibatus
1035 1518 1166 1576 virtutis
1194 1538 1294 1578 amore

228 1615 396 1682 susceptus.
413 1641 447 1650 -
463 1607 585 1664 Deinde
601 1606 844 1663 matrimonium
874 1625 937 1662 non
964 1609 1053 1680 plene
1076 1613 1227 1668 consonat
1243 1607 1294 1682 leqi

229 1697 375 1754 naturali
388 1696 451 1752 nisi
465 1696 506 1752 sit
520 1715 621 1753 unum
637 1699 666 1752 et
681 1695 883 1752 indivisibile.
901 1728 935 1738 -
951 1697 1031 1753 Ciim
1049 1697 1091 1754 sit
1115 1699 1294 1756 immediate

229 1806 248 1843 a
263 1789 394 1852 nataret,
417 1785 475 1858 leni
490 1785 577 1841 cicili
591 1803 654 1840 non
666 1784 833 1856 subjicitur
845 1785 946 1856 quoad
960 1787 1064 1860 ipsum
1079 1785 1252 1844 uinculum.
1263 1817 1293 1828 -

229 1876 311 1931 Jnra
331 1880 438 1932 autem
457 1878 487 1931 et
505 1873 606 1946 officia
631 1891 696 1946 quae
718 1872 754 1928 ab
769 1872 823 1929 illo
836 1875 941 1944 fluunt
953 1878 1074 1931 natura
1089 1877 1161 1946 ipsa
1175 1883 1205 1932 et
1219 1875 1294 1931 ratio

229 1965 347 2020 docent.
361 1997 393 2006 -
410 1963 585 2035 Interjura
597 1965 732 2036 paterna
748 1962 888 2018 manime
908 1962 1105 2018 inviolabilia
1120 1963 1292 2020 habendam

228 2066 272 2108 est
287 2054 342 2126 jus
362 2051 518 2108 educandi
531 2051 612 2125 filios
627 2050 731 2122 eisque
748 2049 954 2108 hereditatem
975 2053 1226 2109 transmittendi.

268 2179 345 2234 1290,
363 2182 416 2236 Ex
435 2193 612 2234 consensu
626 2177 821 2248 coniugum
833 2180 1001 2247 exsurgit
1015 2179 1290 2236 matrimonium.

229 2269 382 2326 Definitur
399 2268 635 2324 matrimonium
656 2267 751 2335 juxta
769 2267 823 2334 jus
851 2281 1015 2322 romanum
1046 2284 1052 2321 :
1085 2287 1099 2318 1
1114 2269 1292 2337 conjunctio

228 2359 338 2416 viriet
355 2357 495 2412 mulieris
522 2356 716 2412 individuam
733 2357 807 2412 vitae
831 2356 1091 2412 consuetudinem
1107 2358 1260 2413 retinens.
1279 2379 1290 2407 i

228 2449 302 2502 Ciam
331 2447 431 2501 officia
446 2459 515 2515 quae
536 2460 576 2499 ex
597 2445 799 2499 matrimonio
815 2445 964 2500 oriuntur
979 2445 1043 2500 sint
1063 2445 1252 2513 gravissima
1264 2449 1293 2500 et

228 2538 354 2591 omnino
370 2535 556 2606 personalia,
573 2548 610 2588 ea
632 2533 709 2588 nulli
732 2534 892 2603 imponere
914 2533 988 2588 licet
1002 2534 1062 2590 nisi
1083 2549 1123 2589 ex
1145 2549 1291 2591 consensu

227 2625 375 2695 perlecta.
399 2623 634 2679 Matrimonium
668 2622 768 2690 igitur
792 2623 840 2677 661
863 2623 1075 2678 essentialiter
1098 2625 1290 2680 contractus.

227 2716 401 2768 consensus
416 2715 520 2768 autem
542 2727 580 2766 ex
604 2725 665 2778 quo
688 2711 791 2766 oritur
812 2712 937 2780 oportet
961 2711 1041 2779 qued
1057 2711 1099 2766 sit
1112 2713 1249 2781 prudens
1264 2713 1292 2766 61
1386 2697 1387 2706 ³

228 2805 386 2858 mascator
401 2815 438 2856 ex
451 2801 564 2856 intimi
579 2800 745 2854 dilectione
765 2801 795 2855 et
812 2799 949 2870 perlecti
963 2799 1112 2855 amicitia.
1129 2800 1292 2857 Inhonesta

196 2955 198 2962 Ι
226 2905 300 2958 ergo
315 2891 372 2945 aut
389 2889 499 2944 saltem
524 2889 736 2960 imprudentia
753 2889 827 2942 sunt
842 2888 996 2942 connubia
1010 2903 1119 2943 eorum
1134 2889 1189 2958 qui
1213 2904 1291 2960 prae·
1385 2919 1386 2966 3

227 2979 335 3034 sertim
353 2979 513 3034 ducuntur
527 2987 633 3032 amore
648 2976 787 3032 sensibili
804 2977 854 3032 vel
866 2990 973 3032 amore
982 2977 1123 3047 pecuniae
1138 2974 1203 3048 (l).'

262 3105 340 3158 1291.
361 3103 587 3158 Matrimonii
614 3089 787 3157 honestas
815 3105 853 3156 ot
887 3101 1111 3171 praestantia.
1142 3131 1177 3143 -
1211 3105 1289 3158 Hane

225 3193 421 3248 honestatem
453 3192 484 3246 61
509 3191 726 3262 praestantiam
764 3189 957 3244 matrimonii
987 3191 1157 3246 asserimus
1185 3197 1290 3247 contra

225 3282 421 3344 manichaeas,
445 3280 497 3346 qui
522 3279 648 3348 nuptias
675 3277 875 3341 damnabant,
905 3291 1025 3333 necnon
1044 3279 1157 3335 contra
1179 3294 1290 3351 pravos

222 3369 364 3426 homines
387 3367 483 3435 hujus
506 3367 657 3436 temporis
672 3367 726 3436 qui
750 3368 782 3421 in
805 3367 907 3421 lacum
931 3366 1126 3424 matrimonii
1154 3381 1290 3424 amorem

222 3459 355 3514 liberum
388 3457 531 3512 sufficere
561 3456 682 3510 volunt.
707 3456 763 3510 Sed
789 3454 838 3510 hic
860 3469 949 3510 amor
963 3456 1011 3510 est
1034 3455 1159 3526 turpis;
1177 3457 1290 3526 nuptiae

222 3550 332 3604 contra
359 3548 434 3600 sunt
463 3545 601 3600 honestae
625 3545 656 3599 et
681 3547 803 3599 naturae
823 3544 958 3598 hominis
979 3545 1206 3608 consentaneae.
1225 3547 1290 3614 Ipsa
1383 3557 1384 3594 1

222 3641 338 3692 natura
362 3635 412 3688 vel
436 3634 538 3703 potius
563 3634 628 3704 ipse
644 3637 724 3689 Deus
746 3648 796 3689 eas
819 3633 970 3696 instituit,
987 3633 1040 3703 qui
1056 3634 1177 3690 creavit
1192 3635 1290 3690 homi·
1382 3705 1383 3708 Ἴ

252 3811 287 3873 ll)
305 3809 343 3862 ci.
360 3810 480 3858 Summo
500 3807 591 3866 theol,
608 3807 637 3856 in
652 3808 742 3871 Suppl
760 3844 766 3864 ,
781 3823 806 3873 q.
822 3808 891 3857 4461
907 3821 962 3872 seq.
