2790 4546
220 367 275 423 202
632 377 684 419 rus
702 376 874 419 urrunnun

160 524 162 530 ,
223 492 374 554 caritatis,
391 505 451 546 non
468 488 631 552 debentur,
643 488 753 544 saltem
769 487 964 558 plerumque,
976 501 1015 541 ex
1029 485 1129 542 officio
1142 487 1284 557 perfecto,

224 581 278 638 sed
292 579 485 652 imperfecta.
496 580 562 634 Huc
577 577 720 648 spectant
734 590 770 631 ea
784 591 853 645 qnae
867 575 996 648 scripsit
1010 577 1039 629 S·
1051 574 1106 629 Th.
1124 575 1160 630 de
1177 573 1284 631 benefi-

221 668 335 734 centia,
352 666 567 724 misericordia
581 668 614 722 et
627 665 824 735 eleemosyna
839 666 886 735 (lt.

618 1015 746 1076 aaran
767 1013 897 1073 nunni
989 1009 991 1012 ·
1058 1083 1061 1090 ,

471 1181 510 1224 ΒΕ
530 1181 662 1223 ruminus
682 1180 859 1224 PRAECIPUI!
880 1181 1012 1223 HOMINIS
1034 1185 1040 1219 Ξ

259 1273 363 1321 ΟΌΟΑΙ)
382 1271 593 1321 manamaur,
614 1270 765 1311 FRUG'I'UM
784 1270 914 1313 LABORIS
935 1271 972 1310 ΕΤ
992 1269 1253 1318 mormannum

564 1360 604 1401 DE
622 1360 701 1400 JURE
720 1358 953 1402 associanronis

189 1509 191 1514 ’
259 1520 299 1572 De
310 1515 439 1585 jnribus
458 1515 626 1587 praecipuis
641 1514 788 1577 hominia,
805 1527 874 1582 quae
898 1513 935 1568 ab
952 1513 1020 1582 eJus
1039 1514 1151 1570 officiis
1168 1528 1227 1568 non
1247 1526 1290 1567 se·

221 1605 385 1676 parantur,
400 1604 577 1675 praesertim
602 1602 639 1658 ab
654 1603 755 1659 officio
779 1602 989 1672 prosequendi
1013 1601 1107 1658 finem
1134 1601 1287 1662 ultimum,

222 1694 288 1750 haec
303 1693 499 1749 asseruntur.

257 1802 381 1856 Tunsls.
395 1828 431 1841 -
445 1797 599 1863 Seruitus,
617 1796 713 1852 etiam
730 1799 903 1862 moderata,
921 1799 965 1852 est
977 1797 1051 1870 pius
1068 1796 1214 1852 minusue
1224 1793 1291 1868 juri

220 1885 367 1944 naturali
386 1885 563 1942 contraria.
586 1917 619 1929 -
639 1887 740 1940 Porro
754 1886 844 1941 homo
859 1886 936 1942 tiber
946 1885 1002 1958 jus
1018 1885 1107 1941 habet
1123 1885 1289 1955 infractus

221 1976 272 2034 sui
294 1974 418 2046 laboris,
439 1991 512 2046 quoe
531 1975 654 2032 nemini
678 1974 748 2031 iicet
773 1975 938 2047 acquirere
957 1973 1067 2030 aitiori
1086 1974 1201 2047 pretio,
1225 1973 1292 2028 aiu-

222 2065 314 2124 tendo
333 2065 513 2127 necessitate
528 2065 563 2120 in
584 2067 644 2136 qua
658 2064 760 2138 opifex
775 2068 954 2138 potestesse
975 2063 1172 2120 constitutus.
1189 2095 1223 2106 -
1238 2064 1289 2116 Jus

222 2158 267 2210 est
281 2153 378 2211 etiam
393 2153 545 2210 naturate
560 2152 745 2226 acquirendi
760 2159 788 2210 et
807 2151 986 2226 possidendi
1001 2153 1080 2206 bona
1100 2152 1230 2206 mobilia
1247 2151 1292 2206 aet

221 2243 406 2298 immobilia.
431 2275 465 2284 -
489 2242 560 2298 Haec
583 2241 695 2298 divisio
717 2243 866 2298 bonorum
891 2247 935 2298 est
958 2241 1046 2298 utitis
1065 2245 1093 2298 et
1114 2240 1290 2297 necessaria

221 2333 429 2405 qeneratiter;
448 2332 528 2386 unde
541 2331 789 2386 communiamus
803 2335 846 2387 est
862 2349 1021 2387 erroneus.
1031 2362 1066 2372 —
1081 2330 1121 2386 At
1131 2331 1190 2402 jus
1205 2335 1290 2384 natu·

221 2422 290 2478 rate
305 2420 399 2478 varia
405 2420 610 2493 proprietatis
624 2419 782 2492 reqimina
794 2421 963 2476 admittere
971 2423 1068 2492 potest
1080 2437 1136 2492 pro
1146 2421 1290 2494 tempore,

218 2511 331 2586 populo
345 2509 394 2564 oet
413 2507 485 2564 aliis
500 2508 759 2566 circumstantiis.
777 2543 810 2550 —
829 2508 891 2564 Sub
907 2509 1062 2582 reqimine
1077 2508 1206 2582 optimo,
1225 2523 1290 2581 pro-

218 2597 371 2672 prietates
388 2597 529 2653 minimae
548 2597 744 2671 proteqendae
763 2603 836 2655 sunt
856 2597 1033 2670 inprimis,
1056 2614 1120 2652 uon
1141 2595 1291 2670 impedita

222 2685 365 2742 libertate
385 2683 576 2758 peritiorum
605 2689 634 2742 et
658 2685 871 2743 honestiorum
891 2684 1025 2742 ciuium.
1048 2719 1083 2726 —
1107 2684 1197 2741 Inter
1216 2685 1292 2757 jura

222 2772 359 2828 hominis
375 2773 544 2830 naturalia
558 2773 769 2831 omittendum
784 2791 848 2829 non
863 2778 908 2830 est
919 2774 974 2846 jus
989 2773 1217 2830 associationis.

263 2910 340 2964 1273.
366 2909 533 2965 servitus
558 2910 758 2966 seeundum
780 2911 838 2980 tus
864 2910 1041 2965 naturale.
1058 2910 1230 2979 -Duplex
1249 2907 1293 2962 est

222 2998 401 3070 praesertim
422 2999 570 3054 servitus.
591 2998 659 3054 Alia
678 3000 726 3054 est
748 3011 817 3067 quae
837 2999 941 3068 viguit
963 2999 1045 3068 apud
1067 3011 1217 3068 paganos,
1242 2997 1291 3065 qui

223 3088 398 3145 dominium
414 3089 618 3159 proprietatis
633 3089 665 3143 in
680 3103 753 3144 suos
768 3103 875 3143 servos
891 3087 950 3143 sibi
965 3087 1168 3143 vindicabant
1183 3099 1291 3154 eosque

223 3178 372 3246 tanquam
392 3176 455 3232 vile
468 3192 562 3248 pecus
578 3177 742 3233 habebant.
759 3179 829 3232 Haec
843 3177 990 3241 servitus
1008 3177 1078 3250 cum
1093 3177 1136 3232 eit
1150 3176 1249 3246 impia
1264 3175 1292 3228 et

224 3265 327 3322 omnis
342 3265 464 3335 generis
488 3265 639 3320 vitiorum
655 3281 758 3329 causa,
776 3268 823 3322 est
838 3266 978 3321 absolute
1001 3266 1108 3320 contra
1127 3265 1183 3334 jus
1208 3265 1291 3320 natu-

224 3354 304 3410 rale.
323 3355 446 3410 Pariter
469 3354 666 3425 reprobanda
680 3357 727 3411 est
747 3355 884 3411 servitus
900 3368 968 3423 quae
994 3354 1081 3423 viget
1103 3355 1187 3425 apud
1203 3367 1290 3423 quos·

225 3443 295 3498 dam
312 3444 551 3499 mahumetanos
564 3459 571 3509 ;
589 3445 725 3501 maxime
741 3444 835 3500 etiam
852 3443 1064 3499 damnandum
1079 3443 1128 3498 est
1141 3445 1175 3499 et
1190 3443 1290 3514 repri-

227 3532 373 3588 mendum
397 3532 511 3587 odibile
536 3534 759 3588 commercium
782 3533 972 3601 nigritarum
989 3531 1043 3601 qui
1068 3532 1216 3588 libertate
1240 3530 1293 3588 sua

224 3622 392 3692 privantur
408 3621 440 3676 et
454 3620 699 3676 venumdentur.

257 3789 293 3852 (1)
311 3788 348 3844 2³,
361 3787 408 3848 2⁸⁹,
424 3803 450 3851 q.
463 3786 544 3837 30-33.
