2910 4568
258 391 293 448 34
688 400 903 444 ssveuouoem

258 515 438 571 arbitrium.
455 513 542 570 Unde
563 527 670 569 omnes
694 511 836 568 homines
860 511 954 566 erunt
975 511 1109 580 aequales
1134 511 1255 567 virtute
1279 514 1332 568 vel

258 604 349 668 vitia,
367 603 479 659 marito
494 603 544 658 vel
555 601 718 662 demerito,
735 601 793 656 eto.
809 601 938 669 Insuper
952 600 1038 655 solus
1053 599 1242 665 intellectus,
1260 615 1331 657 om-

260 692 351 748 nibus
366 689 546 748 hominibus
561 689 746 753 communis,
759 689 842 743 esset
856 688 1056 753 immortalis,
1068 688 1138 744 cum
1150 691 1256 744 anima
1268 703 1332 747 non

260 781 303 837 sit
321 779 510 836 immortalis
527 779 587 834 nisi
600 777 731 849 propter
743 777 954 846 intellectum.

296 869 408 926 lisdem
429 867 605 924 rationibus
620 866 767 936 rejicitur
782 863 865 920 ratio
880 863 1112 938 impersonalis.
1131 868 1205 931 lmo,
1222 867 1249 922 si
1265 867 1333 924 haec

259 959 341 1015 ratio
360 973 431 1014 cum
455 957 524 1028 ipso
547 955 647 1012 Verbo
669 955 722 1010 Dei
746 954 953 1011 confunditur
980 956 1111 1026 propior
1143 956 1245 1012 adhue
1269 958 1334 1014 erit

260 1047 490 1118 pantheismus.

294 1181 357 1236 774.
380 1181 494 1236 Unica
508 1183 566 1235 est
585 1178 707 1234 anima
727 1177 766 1233 in
788 1191 1005 1247 unoquoque
1021 1179 1175 1235 homine.
1191 1209 1223 1218 —
1239 1182 1333 1236 Asse·

260 1270 357 1326 sendo
373 1269 497 1324 unicam
513 1283 579 1324 esse
594 1267 732 1322 animam
746 1267 778 1320 in
799 1280 985 1334 unoquoque
1008 1266 1145 1330 homine,
1164 1281 1226 1322 non
1247 1267 1332 1322 diffi-

226 1395 230 1414 .
259 1362 365 1413 lemur
384 1371 451 1412 esse
468 1357 586 1428 plures
603 1357 667 1410 imo
684 1355 873 1424 multiplices
890 1353 1065 1413 facultates,
1083 1357 1172 1411 valde
1188 1357 1333 1414 diversas

260 1449 292 1502 et
318 1447 402 1502 iuter
430 1460 462 1500 se
482 1445 650 1516 oppositas.
677 1445 763 1500 Unde
792 1443 927 1500 libenter
954 1445 1152 1513 agnoscimus
1179 1445 1333 1514 quidquid

259 1549 370 1590 verum
386 1533 548 1590 invenitur
562 1535 594 1588 in
611 1533 762 1589 doctrinis
783 1533 933 1588 adversis.
951 1533 1009 1588 Sed
1033 1537 1143 1588 contra
1167 1549 1218 1590 eas
1243 1550 1332 1592 asse·

259 1621 359 1678 rimus
372 1623 500 1678 unicum
525 1637 593 1678 esse
612 1623 751 1692 primum
776 1621 969 1692 principium
993 1622 1067 1677 vitae
1088 1623 1121 1678 in
1143 1638 1332 1693 unoquoque

263 1713 399 1769 homine.

295 1848 359 1902 775.
380 1845 501 1904 Variae
529 1846 722 1902 sententiae
746 1861 752 1900 :
776 1846 996 1905 vitalismus.
1018 1847 1076 1902 etc.
1099 1875 1132 1886 -
1156 1848 1242 1902 Plato
1264 1849 1334 1905 tres

260 1938 389 2002 animas,
406 1937 487 1992 teste
502 1935 679 1999 Aristotele,
697 1935 827 2005 putabat
846 1949 913 1990 esse
932 1935 965 1988 in
981 1935 1117 1996 homine,
1135 1937 1254 1990 scilicet
1266 1939 1334 1992 ani-

261 2040 344 2082 mam
359 2025 585 2080 intellectivam
606 2024 639 2078 in
663 2023 801 2088 cerebro,
816 2025 953 2078 animam
969 2024 1151 2078 sensitivam
1173 2025 1205 2080 in
1225 2026 1332 2096 corde,

260 2116 398 2170 animam
415 2113 604 2170 nutritivam
620 2113 652 2166 in
671 2113 741 2168 aliis
763 2112 950 2167 visceribus.
975 2113 1032 2166 Sed
1054 2113 1137 2168 sorte
1153 2116 1240 2170 Plato
1265 2119 1334 2173 tres

260 2203 417 2274 potentias
432 2200 645 2272 potiusquam
671 2201 736 2256 tres
752 2201 871 2257 animas
891 2202 1081 2256 intendebat.
1100 2203 1211 2258 Eodem
1239 2205 1332 2261 modo

259 2291 465 2363 interpretari
481 2291 590 2346 liceret
604 2289 781 2360 opinionem
798 2291 1005 2359 quorumdam
1022 2292 1212 2362 scriptorum
1233 2293 1334 2350 almis-

260 2382 431 2444 tianorum,
453 2379 515 2448 qui,
530 2380 610 2435 teste
629 2381 656 2434 S.
675 2379 874 2447 Hieronymo,
895 2379 1050 2448 putabant
1070 2380 1227 2437 hominem
1251 2395 1333 2437 con-

261 2475 346 2528 stare
361 2485 400 2526 ex
415 2483 558 2540 corpore,
574 2467 679 2524 anima
694 2469 726 2522 et
737 2468 862 2537 spiritu.
876 2467 934 2522 Sed
950 2469 1122 2536 Manichaei,
1136 2471 1188 2538 qui
1205 2474 1333 2527 eonten-

260 2560 374 2616 debant
389 2573 455 2614 esse
472 2559 548 2613 duas
564 2556 684 2610 animas
700 2557 732 2610 in
753 2556 889 2621 homine,
911 2570 1006 2611 unam
1024 2557 1133 2612 bonam
1150 2561 1181 2613 et
1196 2559 1332 2615 alteram

262 2649 387 2712 malam,
403 2646 441 2702 ab
456 2645 591 2701 Ecclesia
605 2643 745 2699 damnati
761 2647 843 2699 sunt.
861 2644 955 2699 Stoici
971 2660 1129 2711 nunquam
1151 2648 1188 2702 de
1209 2650 1336 2706 unitate
1408 2718 1410 2724 Ι

261 2737 374 2792 animae
396 2735 633 2790 dubitaverunt.
660 2735 771 2788 Postea
794 2733 938 2788 nonnulli
966 2735 1096 2802 (Ossam,
1122 2739 1231 2798 Bacon.
1255 2740 1334 2795 Gas-

260 2825 359 2894 sendi)
376 2823 469 2878 nimis
492 2823 628 2877 animam
644 2821 869 2877 intellectivam
890 2836 908 2876 a
930 2822 1082 2877 sensitiva
1102 2821 1331 2892 distinxerunt,

261 2914 357 2968 donee
369 2911 506 2966 invaluit
525 2907 713 2972 attollemus,
731 2909 784 2976 qui
800 2909 861 2964 duo
877 2910 981 2980 prima
999 2912 1153 2980 principia
1170 2913 1243 2967 vilae
1262 2918 1333 2970 sta·

260 3002 324 3056 tuit
350 3001 382 3055 in
412 2999 562 3054 homine:
585 3013 695 3060 unum,
715 2999 787 3053 vitae
812 2999 967 3066 organicae
982 2999 1151 3065 inferioris,
1174 3016 1243 3068 quae
1270 3017 1333 3058 non

262 3090 416 3160 dependet
436 3087 652 3150 avoluntate;
676 3087 822 3150 alterurn,
849 3088 923 3142 vitae
945 3088 1146 3144 intellectivee
1167 3097 1199 3144 et
1227 3093 1334 3147 sensi-

263 3179 342 3233 bilis.

210 3330 212 3335 Ι
302 3265 465 3321 Vitoiismo
485 3279 540 3320 seu
563 3262 682 3336 duplici
705 3264 908 3334 dynamismo
937 3267 1108 3335 opponitur
1136 3265 1333 3325 anisnismos

173 3429 174 3434 η
262 3371 317 3412 seu
335 3352 659 3425 monodynoma'smus,
680 3355 734 3423 qui
759 3355 875 3425 duplex
898 3357 1074 3424 praesertim
1098 3356 1330 3425 distinguitur:

262 3445 447 3500 animismus
468 3443 590 3507 Stahlii,
616 3443 669 3511 qui
691 3444 818 3513 putavit
838 3443 974 3497 animam
996 3445 1147 3511 quatenus
1168 3447 1333 3502 intellecti-

262 3547 334 3587 vam
351 3547 417 3588 asse
430 3532 620 3602 principium
637 3532 735 3586 totins
756 3532 828 3586 vitae
844 3532 877 3585 in
891 3531 1027 3595 homine,
1044 3533 1137 3586 etiam
1155 3536 1330 3603 organicam

261 3652 296 3663 -
316 3621 502 3677 animismus
527 3620 704 3676 Aristotelis
721 3624 752 3676 et
767 3619 1037 3680 scholasticorum,
1054 3623 1104 3688 qui
1126 3626 1239 3691 putant
1260 3626 1332 3680 ani-

263 3724 345 3764 mam
367 3708 565 3780 spiritualem
589 3723 656 3764 esse
686 3709 810 3776 quidem
843 3708 981 3778 primum
1016 3709 1206 3778 principium
1233 3713 1332 3768 totius

262 3799 335 3854 vitae
357 3798 391 3853 in
415 3797 551 3863 homine,
575 3797 629 3853 sed
653 3798 785 3868 propter
803 3796 959 3866 potentias
982 3797 1132 3854 diversas.
1156 3801 1242 3856 Unde
1258 3801 1330 3858 aliae
