2910 4568
233 390 267 442 12
665 403 878 446 rsxouonooia

229 513 455 582 cogitationum
471 513 585 569 seriem
609 515 665 570 aut
689 513 915 578 collectionem,
938 528 1000 570 non
1021 515 1127 570 autem
1147 529 1213 572 essa
1229 514 1305 570 sub-

230 603 391 669 stantiam,
410 604 466 658 aut
481 603 591 658 saltem
608 603 688 658 hanc
708 603 917 658 substantiam
932 617 999 660 esse
1014 605 1102 660 nobis
1119 605 1268 673 ignotam.

265 739 327 792 732.
346 735 517 792 Leihnizli
541 737 679 792 critica.
703 767 737 775 —
767 740 870 805 Neque
900 737 1095 792 admittenda
1122 741 1169 793 est
1195 738 1302 807 opinio

229 825 508 890 Leibnizii,Woltii,
525 833 582 882 etc.
599 827 652 894 qui
663 826 771 880 dicunt
783 827 951 881 essentiam
963 827 1075 882 animae
1093 841 1160 882 esse
1175 828 1302 898 reposi-

229 915 293 970 tam
310 915 343 970 in
359 917 478 970 virtute
493 897 739 985 repraesentandi
756 915 959 978 universum
980 915 1042 984 quii
1057 917 1175 971 virtute
1198 917 1303 986 cogni-

228 1005 274 1059 tio
289 1005 510 1074 explicaretur.
527 1007 603 1059 Nam
617 1004 753 1060 essentia
767 1005 880 1058 animae
901 1019 962 1058 non
978 1005 1082 1075 potest
1106 1019 1173 1060 esse
1191 1005 1253 1060 sita
1268 1005 1301 1058 in

228 1093 334 1161 aliquo
362 1093 531 1158 accidente,
560 1108 658 1162 neque
684 1093 778 1148 etiam
812 1093 845 1148 in
873 1093 978 1162 aliqua
997 1093 1201 1165 proprietate,
1229 1093 1301 1149 ciam

227 1182 333 1237 anima
352 1183 394 1238 sit
408 1183 598 1254 principium
613 1182 833 1238 substantiale.

264 1315 327 1370 733.
344 1317 475 1383 Anima
494 1319 551 1371 est
566 1316 809 1372 essentialiter
824 1317 988 1386 simplex.
1003 1346 1039 1358 -
1068 1317 1206 1372 Ulterius
1230 1330 1304 1386 pro-

230 1405 417 1472 gradientes,
442 1408 614 1461 asserimus
636 1405 772 1460 animam
798 1419 865 1461 esse
888 1405 1060 1475 simplicem
1085 1407 1186 1473 quoad
1201 1418 1304 1460 essen-

229 1495 317 1549 tiam.
336 1495 423 1558 Sane,
440 1497 476 1550 ut
490 1495 574 1550 inira
588 1496 721 1558 dicetur,
737 1495 842 1549 anima
857 1495 966 1550 multis
981 1495 1131 1564 potentiis
1152 1494 1305 1558 ornatur;

230 1583 312 1638 uude
335 1585 577 1653 distinguuntur
607 1583 710 1652 aliquo
738 1585 828 1638 modo
848 1585 954 1638 anima
978 1583 1181 1647 intellectiva,
1197 1582 1307 1654 anima

228 1673 382 1727 sensitiva
403 1674 434 1728 et
456 1674 561 1728 anima
585 1673 789 1742 vegetativa:
814 1673 868 1728 sed
889 1673 958 1742 ipsa
976 1673 1112 1728 essentia
1126 1673 1238 1727 animae
1254 1675 1306 1727 est

228 1762 371 1830 simplex.

263 1851 384 1904 Etenim
414 1851 520 1905 anima
544 1851 591 1906 est
613 1851 716 1905 forma
744 1849 960 1906 substantialis
983 1850 1124 1918 corporis
1151 1849 1297 1904 humani.

229 1942 308 2006 Ergo
324 1939 392 2008 ejus
419 1940 554 1994 essentia
578 1940 718 1994 excludit
737 1939 1108 2010 materiamgproindeque
1127 1938 1301 1994 divisibili-

228 2030 337 2083 tatem.

265 2117 397 2172 Aliunde
413 2118 519 2172 anima
538 2119 586 2173 est
602 2118 738 2186 primum
754 2118 944 2188 principium
962 2118 1045 2172 vitae.
1063 2119 1159 2171 Porro
1179 2115 1302 2184 aliquid

230 2207 369 2278 primum
385 2208 433 2262 cst
447 2207 623 2262 necessario
639 2207 784 2278 simplex.

266 2297 324 2350 Sed
349 2296 574 2352 demonstratio
599 2297 721 2367 petitur
744 2297 920 2365 praesertim
946 2310 984 2350 ex
1008 2292 1212 2365 experientia,
1242 2293 1305 2348 hoc

232 2385 347 2440 modo:
372 2386 484 2440 Anima
510 2386 670 2454 cognoscit
694 2386 815 2454 objecta
841 2385 1012 2454 simplicia;
1030 2385 1166 2438 -actus
1191 2383 1307 2450 cogni-

230 2475 327 2530 tionis
341 2475 389 2528 est
410 2474 565 2544 simplcx3
588 2505 621 2513 -
644 2475 778 2543 simplex
798 2475 846 2528 est
865 2475 960 2529 etiam
983 2473 1173 2542 principium
1199 2472 1309 2538 cogni-

231 2563 346 2628 tionis;
372 2593 403 2604 -·
425 2564 557 2631 denique
573 2563 752 2618 intellectus
768 2565 799 2617 et
813 2563 960 2617 volontas
983 2561 1118 2616 inveniri
1134 2561 1166 2615 et
1190 2573 1307 2615 conso-

230 2651 308 2706 ciari
324 2666 385 2706 non
400 2653 535 2722 possunt
554 2653 617 2706 nisi
641 2653 674 2705 in
694 2650 835 2718 subjecto
859 2651 1006 2721 simplici.
1030 2649 1111 2718 Ergo
1136 2650 1241 2704 anima
1256 2653 1309 2703 est

234 2739 381 2809 simplex.

270 2831 298 2882 1Ο
314 2830 426 2884 Anima
446 2829 605 2897 cognoscit
627 2829 658 2884 id
681 2831 762 2898 quod
779 2831 826 2884 est
848 2828 997 2898 simplex;
1021 2843 1073 2882 ex.
1100 2842 1169 2895 gn:
1192 2828 1306 2891 Deum,

232 2919 436 2982 universalia,
466 2919 619 2987 punctum
654 2919 921 2973 mathematicum.
953 2920 1049 2972 Porro
1082 2916 1304 2984 compositum,

231 3003 386 3075 quatenus
402 3009 473 3069 tale,
491 3023 675 3074 cognoscere
692 3008 800 3076 nequit
816 3022 852 3060 ea
871 3020 940 3074 quae
958 3006 1032 3060 sunt
1050 3004 1215 3074 simplicia.

268 3097 406 3152 2⁰Actus
422 3097 610 3164 cognitionis
635 3098 683 3150 est
706 3097 850 3166 simplex.
876 3097 951 3149 Nam
975 3094 1072 3148 dividi
1097 3107 1158 3148 non
1179 3094 1305 3163 potest;

232 3185 339 3239 eadem
355 3185 491 3252 cognitio
506 3185 614 3255 perlici
631 3199 693 3240 non
708 3185 813 3254 potest
831 3183 954 3238 duobus
977 3196 1044 3250 quae
1060 3183 1154 3237 simul
1169 3197 1306 3250 cognos-

233 3274 315 3328 cant.
333 3275 454 3328 Revera
468 3275 495 3328 si
510 3275 570 3329 duo
587 3274 683 3328 simul
697 3273 900 3342 cognoscunt,
915 3272 968 3326 vel
988 3273 1078 3326 ambo
1096 3271 1178 3325 idem
1199 3273 1307 3326 totum

234 3365 425 3430 cognoscunt
435 3364 467 3418 et
480 3365 556 3418 tunc
571 3364 646 3418 sunt
661 3362 721 3417 duo
730 3364 817 3417 actus
831 3361 1029 3430 cognitionis,
1044 3361 1094 3414 vel
1108 3361 1309 3428 unumquod-

235 3465 295 3520 que
311 3451 475 3507 dimidium
492 3451 661 3520 cognoscit,
683 3452 715 3506 et
735 3453 811 3506 tunc
836 3451 942 3505 nullus
964 3449 1133 3516 cognoscit.
1156 3449 1309 3504 lndivisi-

234 3538 306 3594 bilis
327 3543 374 3596 est
393 3543 475 3596 enirn
499 3547 588 3595 actus
613 3540 810 3610 cognitionis,
827 3539 921 3594 etiam
946 3539 1069 3607 quando
1094 3537 1177 3592 circa
1200 3537 1309 3604 objec-

231 3631 300 3685 tum
324 3630 523 3697 complexum
547 3632 713 3694 versatur3
736 3630 794 3684 hoc
817 3629 908 3698 pacto
928 3627 1113 3696 propositio,
1137 3626 1307 3694 jndicium,

232 3717 433 3788 syllogismus
458 3722 531 3772 sunt
554 3717 731 3774 formaliter
752 3717 870 3786 aliquid
895 3717 1052 3786 simplex:
1080 3715 1311 3783 intelliguntur

235 3807 326 3862 unico
342 3807 374 3861 et
394 3806 578 3862 indivisibili
594 3808 677 3870 actu,
694 3807 750 3862 aut
764 3821 826 3861 non
839 3806 1073 3874 intelliguntur.
