2790 4546
168 431 273 474 cucur
288 431 419 474 nxxxrv.
430 449 463 460 -
473 430 520 474 rus
532 417 1114 488 1327,132833293330,1331,1332,1333.
1151 419 1205 476 291

131 542 228 599 mode
257 543 363 599 status
387 544 425 600 ad
446 543 613 600 Ecclesiam
636 544 810 609 ordinetur,
829 545 912 601 sicut
933 544 1005 602 linis
1020 545 1205 616 temporalis

128 631 303 688 ordinatur
327 631 366 687 ad
381 632 590 703 spiritualem,
609 635 742 701 utraque
763 634 902 704 potestas
926 634 975 690 est
994 633 1206 706 independens

129 720 169 776 in
184 720 330 792 gerendis
345 722 438 779 rebus
458 722 534 785 suis,
556 723 592 777 ut
606 722 696 778 docet
709 723 873 792 Eneyclica
886 720 1058 796 Sapientiae
1074 740 1084 777 .·
1150 783 1153 792 ,

169 827 315 886 Proiecto
329 829 362 884 et
380 829 516 885 Ecclesia
537 831 569 884 et
589 828 702 884 civitas
718 843 812 884 suum
832 829 926 886 habet
941 831 1076 899 utraque
1090 831 1207 902 princi·

127 899 246 971 patum
267 916 275 954 ε
300 901 528 982 proptereaque
551 901 584 955 in
607 899 751 969 gerendis
773 901 868 956 rebus
892 902 957 958 suis
981 904 1095 958 neutra
1116 903 1207 972 paret

126 969 239 1027 alteri.
268 974 378 1038 utrque
406 971 492 1026 intra
518 971 672 1028 terminos
704 985 723 1027 a
750 970 898 1042 proxime
929 971 1081 1042 cujusque
1111 972 1207 1029 causis

126 1042 334 1098 constitutos.
351 1045 397 1098 Ex
407 1055 468 1109 quo
479 1045 584 1098 tamen
600 1041 687 1098 nulla
698 1043 821 1098 ratione
836 1041 1009 1112 disjunctas
1024 1057 1091 1100 esse
1105 1045 1207 1114 sequi-

128 1114 201 1180 tur,
217 1114 378 1183 multoque
393 1113 497 1170 minias
511 1115 687 1184 pugnantes
698 1114 748 1184 (ll.
1087 1149 1089 1156 ,

173 1235 254 1294 1331.
274 1237 326 1292 De
350 1237 588 1294 concordatis.
611 1267 647 1279 -
673 1241 718 1294 Ex
746 1237 925 1308 adimpletis
950 1239 1060 1296 officiis
1089 1240 1207 1296 mutuis

129 1325 284 1396 exsurgit
298 1326 465 1382 eoncordia
479 1326 623 1383 Eccleslae
642 1328 675 1384 et
688 1327 804 1385 status.
821 1329 918 1384 Porro
933 1329 971 1384 ad
990 1329 1068 1385 hanc
1084 1341 1210 1385 concor·

131 1413 223 1471 diam
238 1416 304 1470 tam
319 1415 488 1487 optabilem
506 1415 642 1471 multiim
657 1417 825 1474 conferunt
838 1418 1020 1473 contractus
1035 1418 1106 1474 initi
1126 1417 1211 1474 inter

131 1505 306 1573 utramque
321 1505 508 1574 potestatem
524 1505 561 1560 de
576 1505 669 1560 rebus
684 1506 803 1571 mixtis,
825 1506 879 1576 qui
896 1505 1085 1562 concordata
1095 1507 1211 1562 dicun-

131 1595 204 1650 tur.
220 1593 296 1648 Olim
316 1593 398 1668 enim
414 1593 509 1649 iidem
531 1593 674 1650 homines
698 1595 762 1650 sint
776 1596 871 1652 simul
886 1595 970 1652 cives
985 1595 1017 1652 et
1032 1596 1212 1660 christiani,

134 1681 241 1738 multa
255 1682 329 1738 sunt
344 1681 537 1752 disponenda·
552 1683 647 1738 simul
662 1682 699 1737 ab
715 1684 851 1740 Ecclesia
865 1685 897 1740 et
912 1687 1013 1741 Statu.

172 1773 321 1836 Quaenam
351 1771 456 1826 autem
480 1771 521 1827 sit
542 1785 618 1826 vera
643 1773 724 1827 ratio
746 1775 967 1830 contractuum
995 1773 1175 1844 hujusmodi
1201 1789 1210 1828 ι

131 1859 249 1915 utrirm
273 1858 338 1914 sint
359 1860 574 1915 concessiones
595 1860 738 1916 Ecclesiae
757 1874 798 1916 an
813 1865 889 1917 vero
905 1863 1087 1918 contractus
1102 1862 1212 1918 bilate-

131 1947 220 2005 rales
233 1948 265 2003 et
279 1948 368 2016 quasi
383 1948 621 2013 transactiones,
638 1949 899 2006 controvertitur.
911 1951 979 2015 Sed,
992 1951 1144 2019 quidquid
1156 1952 1210 2014 sit,

133 2037 172 2092 hi
192 2036 373 2093 contractus
389 2037 528 2104 obligant
542 2051 582 2092 ex
602 2037 733 2106 utraque
747 2040 837 2109 parte
852 2041 884 2095 et
899 2053 1056 2108 nunquam
1074 2040 1211 2096 Ecclesia

135 2140 198 2184 sua
211 2126 368 2198 promissa
386 2125 452 2181 sive
472 2125 754 2184 officiarecusavit.

527 2475 654 2536 CAPUT
674 2475 833 2534 LXXXIV

213 2639 254 2681 nil
274 2639 420 2682 STATUUM
446 2639 690 2690 asturicensem
711 2637 750 2679 DE
768 2637 848 2680 JURE
866 2637 1142 2680 Ilti'nlrrlfflonnm

177 2802 336 2858 Nonnulla
349 2801 480 2858 dicenda
494 2803 567 2858 sunt
590 2801 627 2856 de
644 2801 762 2856 mutuis
783 2801 929 2856 statuum
945 2801 1150 2857 relationibus
1179 2815 1215 2858 ac

141 2890 276 2961 proinde
291 2891 329 2948 de
339 2891 412 2960 iure
427 2891 568 2959 gentium
583 2889 615 2945 et
629 2889 751 2958 dejure
766 2889 1014 2946 internetionali.

180 3016 260 3071 1332.
281 3017 452 3073 statuum
462 3020 590 3072 mutua
608 3014 712 3071 elicta
727 3018 765 3070 et
780 3015 871 3084 jura.
888 3043 923 3055 -
938 3016 1022 3071 Inter
1037 3017 1160 3085 gentem
1184 3017 1215 3072 et

141 3107 269 3176 gentem
291 3106 400 3175 vigent
415 3106 522 3161 eadem
540 3105 642 3160 officia
672 3105 704 3158 et
731 3104 807 3172 jnra
830 3103 991 3159 naturalia
1010 3105 1103 3172 quam
1131 3105 1217 3159 inter

142 3195 287 3267 privatas
307 3209 471 3267 personas.
495 3196 570 3249 Nam
595 3207 681 3262 gens,
703 3193 785 3248 sicut
805 3191 906 3248 omnis
926 3193 988 3248 alia
1011 3194 1153 3256 societas,
1168 3195 1217 3248 est

140 3297 279 3357 persona
304 3283 546 3338 moralis-Unde
567 3296 761 3351 unaquaeque
777 3295 852 3352 gens
878 3282 956 3337 alias
981 3281 1111 3350 diligere
1126 3280 1217 3336 debet

142 3386 260 3442 easque
288 3373 415 3428 tenetur
436 3386 497 3427 non
517 3371 618 3426 solium
644 3385 705 3426 non
730 3371 843 3426 laedere
868 3370 1036 3426 sedetiam
1052 3369 1215 3438 adjuvare,

140 3460 218 3519 uara
235 3461 406 3526 occasione,
422 3461 574 3528 quantum
589 3459 737 3528 possibile
752 3461 800 3515 est
815 3465 845 3514 et
860 3458 1030 3530 prudentia
1045 3457 1215 3528 permittit.

183 3593 261 3651 1333.
285 3593 375 3651 Odia
393 3593 489 3650 inter
505 3593 667 3664 populos.
685 3623 718 3632 -
741 3594 818 3648 Hinc
837 3592 1032 3663 reprobanda
1054 3593 1128 3647 sunt
1143 3592 1218 3648 odia

138 3685 230 3743 inter
243 3684 377 3756 populos
397 3697 516 3738 necnon
538 3682 703 3742 calumniae
727 3684 759 3737 et
780 3683 842 3737 alia
863 3681 1021 3750 ejusmodi
1041 3695 1081 3736 ex
1102 3681 1216 3749 quibus

173 3843 210 3908 (1)
225 3841 289 3892 1890
299 3842 369 3896 febr.
386 3847 448 3907 post
462 3841 580 3891 mediam
594 3847 715 3906 partem.
