2910 4568
272 443 472 486 csPUTL1.-
486 437 534 486 Νη
543 432 607 498 846,
616 431 679 494 847,
691 431 754 500 848,
766 431 829 496 849,
841 431 904 494 850,
915 431 980 496 851,
991 433 1055 487 852.
1164 435 1201 490 67

126 550 306 628 phantasia,
319 569 387 624 quae
400 556 448 612 est
462 555 530 624 ipsa
542 555 726 625 imaginatio
741 557 896 624 quatenus
911 557 1037 626 ingenio
1051 558 1084 614 et
1097 557 1200 615 libero

128 641 260 698 arbitrio
282 642 440 700 subditur.
463 642 560 712 Unde,
582 643 657 700 lic'et
679 645 772 701 bruta
791 645 968 700 animantia
982 645 1202 704 destituantur

128 731 307 802 phantasia,
343 746 405 788 non
450 733 520 789 ideo
560 733 608 789 vis
638 732 812 804 phantasiae
832 733 973 805 potentia
1005 735 1201 792 intellectiva

129 821 260 876 dicenda
274 821 333 876 est.

161 943 225 1000 850.
246 944 300 1000 De
318 945 590 1015 imaginationis
608 947 704 1004 aede.
720 977 754 986 -
769 947 961 1019 impossibile
977 952 1025 1006 est
1039 951 1198 1020 assignare

128 1034 258 1103 praecise
282 1033 518 1103 imaginationis
537 1035 653 1098 sedem.
673 1037 847 1106 praesertim
864 1038 935 1094 adm
963 1037 1197 1108 imaginationis

128 1137 283 1191 organum
307 1123 539 1180 communicare
560 1124 671 1180 debeat
695 1125 821 1194 organis
840 1126 983 1183 omnium
1002 1141 1152 1183 sensuum
1169 1129 1202 1184 et

128 1211 172 1266 sic
191 1210 328 1267 diffundi
360 1211 394 1267 in
425 1213 528 1282 partes
560 1213 729 1284 oppositas.
755 1215 901 1270 Attamen
931 1215 1131 1286 imaginatio,
1165 1219 1202 1272 ut

126 1314 235 1356 omnes
249 1300 433 1370 opinantur,
453 1300 485 1355 in
505 1315 629 1358 summo
644 1301 781 1362 cerebro.
799 1303 908 1360 saltem
931 1303 1099 1375 praecipue,
1123 1306 1202 1362 rasi-

127 1389 357 1444 derevidetur.
393 1425 399 1440 .
1015 1385 1019 1391 ’

570 1659 698 1718 CAPUT
725 1661 763 1718 Li

332 1821 372 1862 nit
389 1821 597 1864 AEsrlmaulva
617 1822 656 1862 BT
675 1822 823 1864 Msmoala
844 1824 997 1865 SENSIBILI

162 1977 203 2030 De
219 1975 269 2031 his
285 1974 407 2031 duabus
418 1977 568 2046 potentiis
583 1979 771 2034 statuuntur
790 1981 972 2046 sequentia:

161 2081 284 2138 Tussis.
302 2111 336 2122 -·
361 2080 490 2138 Certum
505 2087 550 2138 est
575 2082 682 2138 adesse
700 2083 935 2149 aestimativam,
956 2085 1019 2154 quet
1029 2081 1204 2156 judicatur*

123 2168 160 2223 ia
173 2169 369 2242 particulari
385 2173 414 2226 et
441 2169 554 2226 selavi
573 2170 754 2230 instinctas.
774 2202 808 2214 -
829 2171 904 2234 Qum
927 2175 972 2228 est
1001 2171 1149 2228 distincta
1178 2187 1198 2226 α

118 2257 232 2315 ceteris
246 2258 403 2314 sensibus.
421 2291 455 2300 -
473 2258 601 2314 Pariter
620 2277 692 2314 cum
714 2261 751 2316 ea
770 2257 919 2316 distincta
934 2263 990 2326 est,
1011 2259 1096 2315 inter
1114 2259 1194 2316 alios

119 2363 244 2412 sensas,
263 2347 417 2403 memoria
434 2347 586 2403 sensitiva
592 2367 603 2412 ;
620 2379 655 2389 -
666 2366 732 2420 qaae
741 2348 939 2405 strictissime
954 2366 1025 2405 cam
1038 2347 1192 2404 memorati

119 2435 316 2493 intellectiva
326 2435 537 2508 conjungitur,
555 2468 588 2478 -
608 2441 637 2491 et
658 2437 783 2493 cultura
800 2436 940 2493 mamma
960 2435 1069 2510 perfici
1081 2440 1193 2510 potest.

158 2562 222 2616 851.
241 2561 431 2616 Sententia
447 2561 602 2618 (tartesii
622 2562 666 2617 de
684 2563 861 2618 instinctu
879 2563 1090 2618 animalium
1108 2562 1194 2632 reji-

118 2651 231 2706 citur.
248 2679 283 2690 -
297 2651 530 2707 AEstimativam
543 2651 651 2708 adesse
666 2651 699 2706 in
713 2652 901 2708 animalibus
916 2652 1111 2722 negaverunt
1125 2665 1190 2707 aar·

121 2739 250 2803 taciani,
275 2740 329 2806 qui
357 2754 463 2796 omues
491 2741 594 2796 motus
622 2741 807 2798 animalium
836 2741 1015 2796 habuerunt
1043 2744 1192 2808 tanquam

121 2829 230 2884 motus
247 2829 453 2884 mechanicos.
470 2831 509 2884 At
526 2829 616 2904 ialsd.
638 2829 725 2894 Nam,
752 2832 788 2906 ut
811 2829 885 2884 alibi
908 2830 975 2899 jam
999 2830 1119 2886 dictum
1146 2831 1194 2886 est

122 2929 160 2972 n0
179 2917 257 2984 833),
272 2918 422 2973 animalia
440 2918 640 2987 distinguunt
660 2919 752 2975 utilia
766 2935 785 2974 a
809 2919 940 2981 nocivis,
964 2919 1066 2975 multa
1081 2933 1188 2990 opere,

120 3005 311 3075 quaudoque
328 3006 494 3071 mirabilia,
509 3009 710 3076 exequuntur
731 3007 887 3076 finemque
902 3022 967 3063 suae
989 3007 1102 3076 speciei
1118 3022 1195 3077 pro·

119 3097 232 3167 prium
259 3096 368 3152 multis
392 3095 502 3151 mediis
527 3095 678 3152 obtinent.
703 3098 780 3152 Sane
811 3111 850 3152 ex
873 3097 1025 3152 instinctu
1054 3097 1192 3152 naturali

119 3187 238 3254 agunt3
255 3183 310 3240 sed
325 3185 376 3240 hic
389 3184 559 3242 instinctus
574 3199 636 3241 non
660 3187 708 3240 cst
731 3201 830 3241 caecus
851 3187 912 3241 nisi
932 3189 1085 3255 quatenus
1101 3184 1191 3240 liber·

119 3274 187 3330 tate
211 3275 243 3329 et
262 3273 413 3328 electione
432 3274 638 3340 destituitur;
662 3275 789 3330 ducitur
809 3279 916 3330 autem
931 3274 1109 3344 cognitione
1124 3287 1192 3328 sen·

119 3361 209 3418 sibili
224 3365 256 3418 et
271 3363 405 3430 quodam
416 3363 548 3432 jndicio,
560 3363 764 3431 seuquedam
777 3363 942 3419 collatione
952 3361 1193 3434 particularium

121 3452 355 3508 causationum.
372 3453 444 3517 Quae
459 3452 596 3522 cognitio
612 3451 807 3521 experientia
821 3451 929 3522 perlici
943 3453 1061 3522 potest.

160 3575 226 3630 852.
249 3575 414 3646 cognitio
433 3577 560 3633 innata
580 3582 618 3632 et
634 3575 791 3646 cognitio
805 3575 999 3646 acquisita.
1020 3605 1054 3616 -
1074 3577 1195 3632 Etenim

122 3665 278 3720 animalia
292 3664 410 3736 duplici
422 3665 600 3736 cognitione
614 3665 778 3730 fruuntur,
792 3665 913 3721 scilicet
926 3663 1036 3720 innati
1048 3666 1080 3720 et
1093 3665 1197 3734 acqui·

122 3753 197 3810 sita.
215 3755 283 3810 Una
305 3754 441 3824 cognitio
456 3754 640 3811 animalium
655 3757 704 3810 est
723 3755 845 3819 innata;
861 3767 934 3808 nam
951 3753 1058 3808 statim
1074 3767 1110 3808 ac
1124 3755 1198 3808 nata

122 3844 202 3900 sunt
215 3842 327 3899 ataine
344 3841 407 3898 ulla
420 3842 617 3915 experientia
631 3842 758 3913 praevia,
776 3841 876 3899 multa
889 3841 1007 3912 optime
1021 3842 1195 3913 operantur
