2828 4550
200 381 255 436 130
629 396 842 438 rsrcnonoeia

198 503 238 560 ad
257 505 503 574 psychologiam.
523 507 557 558 ln
572 504 673 572 logica
687 505 769 558 enim
791 506 897 574 agitur
911 505 948 559 de
969 505 1122 568 terminis,
1137 507 1175 562 de
1194 521 1272 578 pro·

198 593 418 662 positionibus,
435 593 472 648 de
488 594 642 650 orationis
661 593 815 662 partibus,
831 595 902 660 ete,
918 595 1071 661 quatenus
1086 596 1162 650 sunt
1176 596 1269 664 signa

198 681 351 738 idearum.
377 681 578 752 Philosophia
599 682 754 737 sermonis
776 682 914 752 pertinet
931 682 1026 738 etiam
1047 683 1084 738 ad
1101 684 1272 756 metaphy-

197 770 305 835 sicam,
319 770 448 842 propter
466 771 635 841 conceptus
650 772 681 826 ct
696 769 856 826 realitates
872 770 1007 825 maxime
1023 771 1184 839 generales
1199 786 1270 842 quae

199 859 329 914 vocibus
348 859 516 930 praecipuis
538 857 767 928 significantur.
792 859 947 921 ceterum,
972 859 1172 930 philosophia
1200 876 1271 918 ser-

201 947 303 1004 monis
329 961 437 1003 omnes
466 949 572 1019 partes
597 947 803 1018 philosophiae
835 947 966 1010 invadit,
996 948 1070 1018 quia
1100 963 1205 1006 sermo
1234 949 1272 1006 fit

199 1035 424 1105 cujuscumque
446 1038 591 1092 veritatis
611 1037 771 1106 expressio
790 1038 840 1092 vel
859 1037 1041 1106 vestigium.
1062 1039 1120 1094 Sed
1138 1039 1177 1095 ad
1193 1055 1273 1113 psy-

199 1126 373 1196 chologiam
397 1127 535 1197 pertinet
558 1128 713 1182 tractatus
732 1125 770 1180 de
789 1125 943 1182 sermonis
962 1127 1094 1194 origine,
1115 1130 1187 1184 edm
1203 1130 1271 1186 haec

199 1215 289 1284 origo
305 1216 441 1271 maxime
456 1215 638 1272 illustretur
652 1215 774 1284 origine
792 1214 946 1270 idearum.

236 1357 300 1414 992.
321 1359 374 1415 De
392 1360 570 1414 sermonis
585 1358 725 1428 origine
738 1358 855 1414 veriae
874 1359 1075 1416 sententies.
1099 1389 1132 1400 -
1155 1362 1269 1416 Omnes

199 1447 363 1503 sententiae
377 1448 414 1502 de
428 1447 582 1503 sermonis
597 1447 719 1516 origine
733 1446 772 1502 ad
788 1448 923 1524 quinque
946 1449 1137 1504 revocentur
1151 1466 1158 1500 ι
1178 1451 1208 1503 le
1221 1451 1272 1505 est

198 1536 356 1592 sententia
378 1537 695 1592 traditionalistarnm
711 1535 757 1606 (de
778 1535 919 1605 Bonald);
945 1539 977 1590 2³
988 1539 1036 1592 est
1058 1539 1270 1605 quorumdam

198 1625 405 1681 sensistarum
435 1624 626 1694 (condiliac),
655 1624 709 1693 qui
737 1625 931 1696 putaverunt
967 1639 1141 1680 sermonem
1172 1626 1271 1684 fuisse

199 1715 380 1777 inventum;
402 1714 434 1768 3a
458 1715 507 1770 est
534 1727 644 1768 eorum
660 1714 714 1781 qui
737 1713 852 1783 putant
872 1726 1048 1769 sermonem
1069 1728 1109 1769 ex
1123 1715 1191 1771 solo
1208 1716 1272 1772 ins-

200 1803 302 1858 tinctu
317 1804 423 1858 ortum
444 1801 589 1857 habuisse
604 1803 751 1869 (lienam,
768 1802 799 1854 aa
816 1802 865 1856 est
885 1801 991 1871 opinio
1010 1815 1079 1870 quae
1093 1802 1132 1857 ab
1156 1805 1270 1860 evolu-

199 1891 342 1946 tionismi
357 1891 533 1946 fautoribus
545 1891 642 1945 variis
659 1891 758 1945 modis
770 1890 960 1961 proponitur
976 1907 983 1956 ;
1003 1892 1036 1947 5ιζ
1048 1893 1098 1946 est
1111 1894 1272 1950 sententia

199 1980 421 2036 traditionalis.

234 2113 302 2190 993.
318 2114 699 2170 Traditionelietarnm
712 2113 905 2170 sententia.
918 2143 952 2153 -
971 2114 1147 2170 Secundum
1159 2130 1270 2172 eorum

200 2203 399 2265 sententiam,
415 2204 495 2259 Dens
509 2217 685 2258 sermonem
700 2202 796 2272 primi
807 2202 927 2257 homini
942 2201 1083 2258 revelare
1098 2203 1271 2270 debuisset,

200 2306 321 2347 necnon
335 2307 406 2348 cum
430 2293 499 2362 ipso
523 2305 666 2347 sermone
689 2292 840 2346 veritates
863 2292 1036 2361 praecipuas
1058 2291 1178 2348 ordinis
1193 2293 1273 2348 reli-

200 2381 279 2450 giosi
294 2381 326 2436 et
342 2381 478 2436 moralis.
490 2382 577 2442 Nam,
596 2382 631 2436 nt
645 2381 745 2443 aiunt,
761 2380 854 2434 homo
870 2382 952 2435 esset
970 2380 1098 2435 omniuo
1112 2380 1273 2451 impotens

200 2470 240 2526 ad
265 2470 488 2525 inveniendum
513 2469 650 2541 propriis
680 2467 801 2523 viribus
833 2482 1010 2524 sermonem
1034 2470 1067 2524 ct
1088 2470 1272 2536 veritatem,

200 2559 354 2627 siquidem
369 2572 431 2612 non
446 2557 653 2613 ratiocinatur
672 2571 728 2612 neo
739 2557 857 2627 cogitat
871 2557 932 2614 nisi
948 2558 1101 2626 loquendo
1116 2572 1234 2614 secum.

238 2662 366 2719 Critian.
388 2695 421 2703 —
446 2665 485 2719 At
510 2663 624 2718 falsum
650 2663 698 2718 est
713 2663 809 2718 verba
836 2664 900 2719 oris
929 2665 980 2718 vel
1003 2664 1175 2734 phantasiae
1204 2679 1274 2721 esse

201 2753 426 2809 necessariaad
441 2753 640 2822 cogitandum
653 2769 660 2817 ;
678 2766 739 2807 non
751 2753 959 2822 requiruntur
973 2752 1034 2810 nisi
1048 2753 1274 2824 phantasmata

203 2844 238 2897 ut
251 2841 344 2898 homo
366 2843 542 2911 intelligere
564 2841 676 2911 possit.
696 2841 782 2905 Quod
803 2842 841 2897 ad
868 2841 1022 2896 sermonis
1042 2842 1271 2899 revelationem

200 2931 324 2998 attinet,
339 2931 469 2988 indubia
483 2934 531 2986 est
543 2950 550 2993 ;
571 2931 624 2986 sed
639 2944 722 2984 nunc
735 2931 772 2986 de
786 2931 856 2999 ejus
870 2931 1055 2986 necessitate
1069 2931 1274 2988 solummodo

201 3021 321 3090 agitur.

237 3156 300 3211 994.
320 3155 541 3226 Hypotheeie
560 3154 605 3209 de
626 3154 803 3209 sermonis
826 3155 1045 3210 inventione.
1062 3183 1096 3196 -
1111 3154 1275 3212 Condillac

203 3259 265 3300 non
280 3243 433 3300 diffitetur
446 3243 570 3313 quidem
586 3257 762 3300 sermonem
782 3241 880 3298 fuisse
891 3243 1007 3299 Adamo
1022 3243 1199 3299 revelatum
1214 3245 1273 3300 aut

201 3334 263 3389 alio
279 3333 370 3390 modo
393 3334 501 3388 datum
521 3332 559 3386 ab
573 3332 677 3396 initi0,
699 3333 752 3387 sed
773 3332 935 3388 contendit
960 3331 1119 3387 hominem
1138 3333 1272 3404 proprio

201 3422 327 3492 ingenio
341 3421 481 3492 potuisse
501 3434 677 3476 sermonem
693 3419 836 3475 invenire
861 3435 916 3476 reu
940 3421 1045 3490 potins
1060 3435 1180 3486 creare,
1196 3436 1273 3490 quc-

204 3511 402 3567 madmodum
415 3509 478 3565 alia
492 3523 588 3580 opera
600 3510 738 3565 scientiae
753 3510 785 3564 et
799 3509 878 3564 artis
894 3509 1002 3564 edidit.

239 3615 369 3673 Critiae.
385 3648 419 3656 -
440 3616 579 3673 Sedhaee
597 3616 798 3687 opinioque
824 3617 938 3672 saeculo
957 3629 1054 3672 xvnn
1075 3617 1271 3684 invaluerat,

201 3712 311 3777 postea
325 3721 387 3763 non
401 3705 562 3762 immerito
577 3705 681 3761 derisa
693 3705 750 3761 est.
767 3706 874 3760 Sermo
889 3703 972 3760 enim
989 3703 1128 3775 vulgaris
1143 3719 1207 3763 non
1223 3709 1275 3765 est

202 3809 281 3866 opus
295 3794 460 3851 artificiale
479 3795 546 3849 sive
569 3793 760 3858 reflexionis‚
786 3794 930 3862 quamvis
951 3793 1096 3865 apprime
1110 3795 1272 3852 rationem
