2790 4546
223 367 278 422 278
633 379 687 420 sus
705 377 877 420 urrunnun

264 491 341 548 1302.
359 491 450 548 dure
464 494 619 562 paterne
635 489 732 546 cirea
755 487 1003 546 hereditatem.
1021 517 1054 530 -
1073 487 1230 542 Similiter
1249 499 1295 554 pa·

226 578 393 648 rentesjus
408 579 523 636 habant
531 577 767 636 transmittendi
783 576 858 632 filiis
872 578 937 632 suis
952 577 1164 648 proprietates
1176 576 1295 631 domas-

226 669 315 726 tices.
332 669 407 724 cnm
428 669 509 726 enim
530 669 584 739 jus
608 666 843 724 transmittendi
858 667 939 722 bona
954 681 1009 736 per
1032 665 1244 722 hereditatem
1259 665 1296 719 sit

227 771 392 814 commune
413 759 445 813 et
467 773 525 829 per
549 773 581 814 se
600 755 791 826 inviolabile,
816 770 835 810 a
856 755 981 812 fortiori
996 754 1211 824 denegandum
1237 767 1293 810 non

228 849 276 904 cst
294 847 479 919 parentibus
497 861 572 914 erga
593 847 683 902 lilios.
700 846 777 900 Nam
794 857 887 899 unam
912 844 1093 899 societatem
1119 843 1293 900 naturalem

227 937 404 993 efformant.
420 935 505 992 Unde
521 935 579 990 lilii
596 934 786 990 naturaliter
796 933 968 988 succedunt
981 931 1291 1004 parentumjuribua

228 1025 324 1081 etiam
340 1022 376 1078 ob
399 1022 557 1080 intestato.
574 1025 719 1080 Attamen
736 1021 793 1078 lilii
812 1036 875 1077 non
890 1023 964 1076 sunt
978 1013 1108 1076 heredes
1127 1021 1174 1076 ita
1189 1034 1295 1076 neces-

227 1114 304 1172 sarii
319 1115 352 1170 et
365 1112 498 1182 aequales
510 1113 585 1181 jure
600 1113 636 1168 ut
649 1113 741 1183 pater
756 1125 817 1166 non
830 1111 930 1180 possit
945 1111 1020 1166 dare
1042 1111 1096 1166 uni
1117 1110 1220 1164 multo
1236 1123 1292 1164 ma-

229 1201 389 1273 gisonem
410 1201 532 1266 ceteris,
556 1203 652 1273 prout
671 1201 812 1270 postulat
832 1199 948 1254 honum
968 1200 1107 1263 familiae,
1124 1199 1292 1260 ueletiam,

224 1289 313 1360 J'ustd
327 1290 364 1345 de
379 1288 482 1352 causa,
499 1289 633 1358 aliquem
649 1287 787 1343 filiorum
802 1287 1002 1346 exheredare.
1018 1291 1034 1343 J
1038 1301 1073 1342 us
1089 1287 1172 1342 enim
1187 1289 1292 1357 pater-

230 1392 306 1434 num
321 1379 452 1448 praestat
464 1377 531 1445 juri
551 1377 688 1432 liliorum
704 1376 843 1445 illudque
865 1377 951 1432 ultra
975 1377 1101 1435 modum
1124 1377 1176 1430 lex
1196 1373 1295 1430 civilis

229 1467 421 1536 restringere
434 1480 497 1522 non
514 1466 613 1522 debet.

267 1607 346 1664 1303.
368 1609 420 1663 De
435 1607 698 1678 juratestandl.
716 1639 749 1648 -
766 1611 834 1663 Jam
847 1609 1010 1664 innuimus
1022 1607 1076 1676 jus
1091 1608 1229 1664 testandi
1243 1622 1293 1663 seu

231 1697 467 1755 transmittendi
490 1697 570 1752 bona
593 1711 650 1768 per
673 1697 882 1752 hereditatem
915 1712 982 1753 esse
1002 1698 1157 1752 naturale.
1179 1697 1293 1753 Etenim

230 1787 303 1856 jnre
323 1786 462 1842 naturali
486 1785 579 1841 homo
602 1787 707 1857 potest
727 1786 875 1852 alienare,
901 1787 1035 1842 vendere
1054 1787 1106 1842 vel
1127 1788 1202 1842 dare
1221 1787 1297 1840 hona

232 1888 300 1946 quae
314 1875 462 1946 possidet,
479 1875 653 1932 observatis
668 1875 793 1945 quidem
808 1875 927 1945 legibus
943 1876 1088 1932 humanis
1098 1877 1194 1945 iustis
1206 1891 1213 1940 ;
1227 1888 1296 1942 ergo

231 1978 251 2019 a
265 1965 334 2034 pari
358 1964 462 2034 potest
476 1963 557 2018 bona
576 1977 633 2019 sua
652 1978 708 2034 per
736 1964 944 2021 hereditatem
970 1965 1199 2020 transmittere.
1224 1966 1295 2018 Sane

233 2055 285 2109 lex
300 2052 401 2108 civilis
417 2053 519 2121 potest
540 2052 598 2108 hoc
615 2053 665 2121 ius
681 2053 901 2118 determinare,
919 2053 1077 2124 explicare
1104 2057 1136 2109 et
1158 2053 1295 2108 ordinare

232 2141 271 2196 ad
287 2139 400 2196 honum
417 2154 591 2206 commune,
611 2141 750 2209 quaedam
764 2141 931 2210 vectigalia
944 2143 1131 2208 statuend03
1148 2143 1201 2197 sed
1217 2140 1295 2195 nullo

234 2231 326 2287 modo
346 2232 448 2300 potest
462 2230 596 2294 abolere,
613 2232 684 2286 chm
701 2231 742 2286 sit
752 2232 841 2302 prius
857 2233 923 2301 lege
937 2233 1033 2288 civili.

272 2373 349 2429 1304.
373 2372 542 2442 Obiectlo.
559 2402 592 2414 -
609 2374 722 2428 Contra
732 2373 787 2442 jus
802 2375 954 2430 educandi
970 2376 1050 2430 filios
1077 2390 1151 2430 suos
1166 2375 1208 2429 sic
1222 2373 1296 2441 0in-

235 2461 342 2518 citur:
360 2461 509 2516 Educatio
533 2463 564 2517 et
588 2461 760 2532 disciplinae
792 2464 928 2518 maxime
961 2464 1100 2520 influunt
1127 2465 1160 2519 in
1188 2463 1293 2518 bonum

235 2563 411 2605 commune.
427 2551 506 2618 Ergo
527 2551 565 2606 ad
590 2552 811 2607 auctoritatem
836 2553 960 2608 civilem
980 2554 1118 2624 pertinet
1141 2567 1191 2607 eas
1211 2549 1295 2605 insti-

234 2640 323 2692 tuere
343 2639 566 2706 atqueragere.

273 2731 367 2806 Resp.
383 2765 417 2776 -
433 2733 519 2790 Siout
532 2737 651 2792 dictum
665 2740 714 2793 est
729 2739 766 2793 de
782 2739 984 2795 matrimonio
1001 2741 1043 2806 (n.
1060 2739 1141 2808 1298>
1159 2737 1297 2808 «quando

236 2821 354 2890 aliquid
378 2822 416 2877 ad
441 2823 581 2880 diversos
608 2823 685 2880 fines
707 2825 884 2891 ordinatur,
907 2827 1026 2898 indiget
1044 2827 1158 2883 habere
1182 2827 1297 2882 diversa

238 2909 405 2980 dirigentia
435 2911 467 2966 in
501 2911 595 2968 linem
616 2933 642 2968 n.
675 2915 772 2980 Unde,
807 2917 878 2970 clun
907 2917 1050 2972 educatio
1083 2917 1115 2972 et
1133 2914 1296 2986 disciplinae

239 2999 375 3055 maxime
393 2999 527 3057 influant
549 3018 610 3059 non
633 3003 733 3059 solum
756 3001 789 3058 in
808 3003 924 3060 honum
946 3007 1106 3062 societatis
1126 3005 1231 3066 civilis,
1247 3002 1296 3058 sed

237 3088 332 3146 etiam
348 3088 381 3142 in
395 3087 512 3145 honum
529 3091 685 3148 individui
713 3095 745 3148 ct
768 3091 898 3150 familiae
920 3108 1040 3150 necnon
1062 3095 1095 3151 in
1115 3096 1223 3152 bonum
1237 3091 1295 3145 ani·

238 3190 361 3232 marum
377 3178 409 3232 et
423 3179 582 3235 societatis
603 3181 769 3250 religiosae,
787 3181 842 3250 J'us
857 3183 1056 3240 auctoritatis
1069 3183 1170 3239 civilis
1184 3193 1295 3249 compo·

238 3265 376 3350 nendum
410 3267 459 3322 est
480 3281 551 3322 cum
577 3267 705 3338 jnribus
739 3269 900 3339 prioribus
933 3271 1100 3336 individui,
1126 3269 1244 3326 familie
1266 3269 1296 3321 et

238 3355 390 3410 Ecclesiae.
