2910 4568
46 9 456 201 ¹-

413 405 513 448 clrur
532 405 643 448 xuvnr.
658 423 693 432 -
708 402 757 448 uo·
769 391 834 456 803,
850 393 912 449 804.
1164 396 1201 452 la

156 520 222 575 803.
240 502 420 575 Potentiae
438 517 673 588 vegetativae,
690 517 890 582 sensitiva,
903 518 962 575 etc.
973 549 1007 560 -
1022 520 1090 576 Alio
1107 521 1199 578 modo

118 608 273 679 potentiae
295 607 484 663 dividuntur
503 608 535 663 in
563 605 763 678 vegetativos,
789 603 968 674 sensits'oas,
998 606 1198 682 appetitibus,

95 694 269 752 .motrices
301 698 334 752 et
351 693 569 751 intellectibus.
595 697 746 752 Potentiae
774 696 962 766 vegetativos
993 697 1110 754 habent
1142 713 1200 770 pro

120 786 246 856 obiecto
274 786 379 855 ipsum
408 799 522 856 corpus
550 784 767 848 nutriendum,
788 787 965 855 augendum
990 789 1022 842 et
1042 788 1200 858 multipli-

120 875 259 931 candum
284 874 499 943 generatione.
539 874 690 930 Potentiae
730 875 889 932 sensiiivae
917 873 979 944 (hic
1006 875 1200 932 intendimus

119 963 282 1034 potentias
298 963 466 1018 sensitivas
475 963 674 1032 cognitionis)
687 962 802 1020 habent
815 977 873 1035 pro
886 962 1007 1032 objecto
1023 979 1084 1020 non
1098 965 1199 1020 solum

120 1065 261 1123 corpus„
275 1051 330 1107 sed
352 1051 447 1107 etiam
467 1065 560 1107 omne
586 1051 743 1108 sensibile.
761 1051 914 1108 Potentiae
929 1053 1112 1124 appetItivae
1138 1052 1201 1122 (hic

119 1140 321 1196 intendimus
336 1140 497 1211 passiones
512 1154 568 1196 seu
582 1142 687 1196 motus
703 1139 875 1210 sensibiles)
886 1141 1066 1212 habentpro
1077 1142 1200 1212 objecto

120 1229 345 1299 quodcumque
368 1229 484 1286 bonum
515 1229 671 1286 sensibile.
701 1229 846 1284 Potentia
871 1230 991 1286 motrix
1020 1230 1113 1287 habet
1140 1246 1198 1302 pro

119 1318 250 1386 objecto
274 1318 389 1373 bonum
413 1318 632 1388 attingendum
657 1320 742 1375 motu
766 1318 866 1374 locali.
893 1319 1028 1375 Tandem
1050 1322 1200 1391 potentiae

119 1407 331 1463 intellectiva
364 1407 481 1464 habent
507 1422 565 1478 pro
590 1406 712 1475 objecto
737 1407 951 1478 intelligibilia
975 1423 1029 1465 seu
1059 1409 1201 1466 immate-

119 1495 231 1558 rialia,
248 1495 369 1551 scilicet
383 1509 496 1551 verum
511 1497 544 1552 et
557 1497 725 1552 honestum
742 1495 794 1568 (1).

158 1583 295 1640 Brevibs
315 1585 478 1641 stalariis
499 1585 649 1656 potentiae
678 1585 868 1656 superiores,
893 1587 1014 1642 scilicet
1034 1600 1105 1655 quae
1126 1591 1202 1642 sunt

122 1673 311 1730 hominibus
324 1673 374 1730 vel
390 1674 576 1730 animalibus
596 1675 743 1746 propriae,
768 1675 801 1730 in
822 1678 958 1744 quatuor
977 1676 1102 1732 ordines
1118 1676 1201 1730 divi·

125 1762 261 1825 duntur,
278 1763 335 1817 hoc
352 1763 453 1818 modo.
473 1762 550 1817 Aliae
564 1765 639 1818 sunt
653 1764 801 1832 potentiae
814 1763 1035 1832 cognoscitivae
1056 1767 1201 1834 (quarum

125 1851 201 1908 aliae
216 1852 291 1906 sunt
314 1851 476 1906 sensibiles
497 1852 529 1906 et
556 1851 625 1906 aliae
650 1851 861 1916 intellectivael
882 1853 913 1907 et
932 1852 1000 1908 aliae
1021 1853 1202 1924 appetitivae

126 1939 213 2012 (quae
228 1941 345 1996 iterum
368 1941 443 1996 sunt
457 1939 619 1996 sensibiles
634 1940 685 1995 vel
703 1935 931 2009 intellectivae).
955 1941 1066 1996 Eadem
1087 1941 1203 1996 divisio

124 2028 281 2090 traditur,
298 2028 427 2085 dicendo
444 2045 451 2082 ε
467 2029 543 2084 Aliae
569 2029 644 2084 sunt
657 2030 804 2099 potentiae
825 2029 985 2085 sensibiles
1002 2031 1080 2099 (quae
1097 2029 1203 2086 subdi-

125 2119 288 2174 viduntur
302 2119 334 2172 in
350 2118 579 2185 cognoscitivas
598 2120 630 2172 et
644 2119 844 2190 appetitivas)
866 2121 898 2173 et
915 2119 985 2173 aliae
1000 2119 1201 2174 intellectivae

126 2211 212 2277 (quae
228 2207 346 2262 iterum
362 2209 435 2263 sunt
450 2207 671 2276 cognoscitivae
687 2208 736 2262 vel
752 2208 957 2277 appetitivae).
977 2211 1018 2264 De
1032 2209 1102 2264 istis
1124 2221 1202 2276 qua-

125 2300 208 2352 tuor
222 2295 384 2366 speciebus
399 2297 613 2367 potentiarum
629 2295 730 2350 fusius
745 2296 869 2351 dicetur
883 2296 976 2350 infra.

163 2401 234 2459 804.
258 2403 311 2458 De
328 2401 493 2473 potentis
505 2402 664 2458 motrlcc.
681 2433 716 2442 -
731 2405 832 2457 Pauca
842 2415 924 2458 nunc
939 2403 1114 2472 adjicienda
1129 2405 1204 2460 sunt

125 2494 165 2549 de
181 2491 327 2564 potentia
348 2491 490 2547 motrioe.
521 2493 588 2546 Non
614 2492 774 2547 immerito
795 2492 1004 2560 distinguitur
1027 2506 1045 2545 a
1069 2492 1202 2555 ceteris;

126 2595 205 2636 nam
230 2582 352 2635 motum
377 2579 519 2644 localem,
543 2581 596 2648 qui
622 2581 726 2636 oritur
749 2595 789 2635 ex
810 2581 988 2649 cognitione
1012 2579 1152 2636 sensibili
1171 2583 1203 2637 et

126 2670 344 2725 videturesse
362 2669 511 2740 proprius
536 2669 736 2738 animalibus,
752 2670 943 2725 contundere
966 2684 1028 2725 non
1045 2669 1118 2724 licet
1133 2684 1203 2724 cum

128 2758 321 2829 quibusdam
336 2759 472 2814 motibus
486 2759 677 2828 plantarum.
696 2759 806 2814 Differt
820 2759 913 2814 etiam
930 2759 1072 2830 potentia
1086 2759 1204 2814 moirix

128 2849 169 2904 ab
185 2848 331 2918 appetitu
348 2849 510 2914 sensitiva
525 2849 576 2903 cui
592 2863 654 2903 non
673 2851 747 2904 raro
762 2849 942 2918 opponitur.
959 2846 1103 2904 Potentia
1120 2848 1203 2903 enim

130 2936 256 2992 motrix
271 2935 362 2990 modo
377 2935 576 3005 passionibus
591 2937 623 2991 et
637 2937 728 2992 modo
742 2937 898 2992 voluntati
913 2936 1028 2992 obedit.

536 3167 664 3232 ¹CAPUT
685 3169 811 3227 XLVIII

203 3303 245 3344 DE
260 3303 494 3346 sunalululrsuu
514 3305 551 3345 ΕΤ
570 3303 736 3346 sellulariis
757 3305 795 3346 Du
815 3306 961 3347 anubibus
981 3305 1137 3348 nxruams

470 3393 595 3434 Nucuorl
609 3394 650 3434 DE
668 3394 870 3435 substrictus.

203 3479 408 3522 suusnrloms
431 3481 630 3536 PRINCIPIUM,
649 3483 792 3532 NATURA,
814 3483 972 3524 OBJEC'I'UM
987 3483 1024 3524 ET
1044 3482 1135 3523 SEDES

163 3612 303 3666 Sensum
319 3609 370 3664 vel
385 3609 622 3667 sensibilitatem
640 3624 789 3667 vocamus
805 3613 838 3666 in
851 3626 964 3680 genere
975 3625 1205 3681 quamcumque

125 3698 310 3770 potentiam
333 3697 512 3767 organicam
533 3701 738 3768 cognoscendi
764 3700 815 3755 vel
830 3701 1006 3772 appetendi.
1036 3699 1092 3756 Hic
1107 3700 1207 3769 igilur

162 3839 198 3904 (2)
217 3838 259 3891 cl.
278 3840 316 3900 1³,
330 3853 355 3903 q.
371 3837 412 3895 78,
428 3852 451 3888 a.
468 3837 491 3888 1.

1097 3931 1123 3972 4*
