2910 4568
450 441 554 482 oneum
569 440 712 482 nunna-1
721 434 754 480 ιια
768 424 831 481 768.
1145 429 1178 484 31

109 551 285 623 iunguntur
301 554 390 608 utex
408 552 485 622 ipsis
509 552 660 620 exsurgat
674 565 736 606 una
759 553 874 610 natura
892 552 1069 622 completa,
1080 567 1176 609 unum

113 641 320 714 suppositum,
335 641 368 695 in
384 655 445 708 quo
462 640 606 696 existunt
620 641 651 694 et
666 653 721 709 per
744 639 824 707 quod
849 641 1049 711 explicantur
1072 656 1184 698 omnes

112 730 308 802 operationes
326 732 357 784 et
371 729 551 790 affectiones
568 727 732 796 utriusque
752 728 935 792 substantiae
950 731 1176 800 componentis.

112 819 204 883 Unde,
220 818 260 882 vi,
274 817 371 886 huju-s
386 817 523 881 unionis,
538 831 646 873 omnes
665 817 864 886 operationes
879 818 915 874 et.
924 819 1104 875 affectiones
1118 820 1179 877 toti

112 907 273 963 tribuntur
291 906 504 976 potiusquam
519 906 673 977 partibus.

144 1008 240 1061 Porro
263 1005 378 1060 anima
401 1005 433 1060 et
452 1004 592 1074 corporis
617 1004 691 1059 unio
711 1005 759 1059 est
782 1003 947 1073 ejusmodi.
971 1007 1046 1061 Nam
1073 1007 1178 1064 anime

111 1095 140 1149 et
166 1107 284 1166 corpus
312 1093 388 1148 sunt
419 1092 603 1150 substantia
630 1092 836 1163 incompleta,
866 1094 936 1148 edm
960 1108 1085 1164 corpus,
1110 1095 1177 1160 sine

111 1182 223 1247 anima,
238 1183 359 1244 vivere,
379 1181 497 1237 sentire
512 1181 544 1236 et
566 1181 686 1237 moveri
708 1195 770 1236 non
788 1182 899 1252 possit,
924 1183 955 1254 et
977 1185 1092 1251 anima,
1109 1183 1176 1241 sine

108 1289 246 1347 conpore,
267 1274 395 1329 omnino
417 1273 460 1329 sit
482 1273 616 1342 incapax
642 1271 807 1334 sentiendi,
830 1272 1022 1342 imaginandi
1046 1275 1079 1328 et
1102 1289 1180 1344 ope-

109 1362 195 1420 randi
217 1361 427 1417 extrinsecus.
457 1359 571 1416 Deinde
604 1359 710 1414 anima
738 1361 769 1415 et
797 1374 912 1429 eorpus
945 1361 991 1416 ita
1023 1363 1178 1418 uniuntur

109 1452 143 1508 ut
155 1451 325 1508 efforment
340 1463 434 1504 uuam
448 1449 593 1504 naturam
610 1464 664 1504 seu
685 1463 782 1503 unum
798 1449 988 1519 principium
1011 1452 1174 1521 operandi,

109 1555 203 1595 unum
225 1539 404 1608 subjectum
430 1540 462 1593 et
485 1551 579 1594 unam
605 1551 769 1607 personam
793 1538 844 1593 cui
863 1538 1050 1594 tribuuntur
1069 1554 1178 1597 omues

108 1629 307 1700 operationes
322 1628 355 1683 et
374 1640 482 1682 omnes
496 1627 686 1691 affectiones,
703 1626 769 1681 sive
792 1627 981 1696 corporales,
1002 1629 1070 1683 sive
1084 1631 1176 1700 spiri·

108 1719 215 1774 tuales.
236 1719 334 1772 Homo
349 1717 398 1771 est
412 1716 507 1780 enim,
529 1715 634 1785 potius
659 1715 752 1784 quam
772 1729 887 1785 corpus
909 1715 959 1771 vel
979 1717 1094 1776 anima.
1122 1721 1176 1787 qui

107 1805 257 1868 nascitur,
275 1803 397 1867 crescit,
418 1801 455 1859 fit
474 1803 594 1867 doctus,
614 1803 681 1872 agit
696 1803 772 1858 bene
793 1803 842 1859 vel
859 1804 948 1868 malo,
963 1811 1011 1860 est
1030 1804 1106 1861 salix
1127 1809 1177 1862 vel

106 1894 222 1959 infelix,
251 1893 328 1956 etc„
352 1893 388 1947 ut
412 1891 519 1960 lingua
540 1891 609 1962 ipsa
628 1893 659 1946 et
681 1906 790 1949 sensus
814 1893 989 1949 communis
1004 1895 1175 1951 testantur.

107 1984 192 2052 lingo.
209 1981 258 2038 Ad
275 1995 341 2037 rem
358 1982 387 2036 S.
408 1981 464 2036 Th.
480 1980 614 2036 diversis
629 1980 661 2034 in
676 1980 752 2036 locis
769 1997 776 2034 :

139 2087 336 2160 impossibile
362 2089 411 2142 est
433 2087 513 2154 quod
539 2101 649 2142 eorum
673 2101 740 2155 queo
761 2089 835 2143 sunt
856 2088 982 2144 diversa
1002 2091 1173 2146 secundum

106 2173 168 2215 esse
187 2162 232 2216 sit
243 2159 388 2228 operatio
403 2172 476 2214 una.
493 2159 564 2213 Dico
580 2163 687 2214 autem
702 2159 915 2228 operationem
937 2175 1042 2226 uuam,
1059 2176 1118 2217 non
1135 2179 1175 2218 en

23 2281 24 2300 ,
107 2233 191 2300 parte
219 2231 291 2295 ejus
317 2231 348 2284 in
377 2229 460 2298 quod
485 2229 676 2284 terminatur
699 2231 792 2293 actio,
821 2232 874 2285 sed
899 2233 1068 2288 secundum
1093 2234 1174 2302 quod

106 2302 266 2370 egreditur
290 2301 329 2354 ab
352 2310 477 2368 agente.
497 2300 588 2355 Multi
603 2301 686 2355 enim
701 2301 864 2356 trahentes
889 2303 994 2356 navim
1012 2319 1106 2376 unam,
1120 2320 1175 2359 ao-

108 2373 221 2428 tionem
241 2372 364 2428 iaciunt
377 2385 416 2426 ex
440 2373 529 2441 parte
553 2373 685 2441 operati,
702 2373 783 2439 quod
807 2375 857 2428 ost
872 2387 980 2437 unum,
1002 2375 1053 2430 sel
1070 2379 1175 2430 tamen

107 2446 248 2513 exparte
263 2443 459 2497 trahentium
480 2443 556 2496 sunt
579 2443 686 2498 multae
713 2444 862 2510 actiones,
878 2445 950 2512 quia
968 2449 1043 2500 sunt
1058 2445 1176 2502 diversi

107 2515 260 2584 impulsus
276 2514 609 2569 adtrahendum.Gi1m
621 2515 704 2568 enim
719 2515 800 2570 actio
816 2519 1027 2582 consequatur
1043 2516 1175 2572 sormam

107 2586 135 2640 et
148 2588 316 2648 virtutem,
333 2587 458 2654 oportet
478 2599 612 2652 quorum
628 2587 703 2640 sunt
722 2585 854 2640 diversae
871 2586 979 2640 lormae
994 2593 1026 2641 ot
1039 2589 1177 2644 virtutes

107 2671 169 2712 esse
190 2662 224 2713 et
248 2657 389 2712 actiones
414 2657 564 2711 diversas.
589 2657 737 2720 Quamvis
762 2658 867 2711 eutem
887 2657 999 2712 animm
1015 2659 1058 2713 sit
1072 2659 1177 2727 aliona

108 2729 247 2797 operatio
263 2728 404 2797 propria,
419 2727 452 2781 in
468 2726 530 2794 qua
545 2741 605 2782 uon
622 2729 834 2782 communicat
847 2742 971 2797 corpus,
989 2731 1070 2784 sicut
1087 2730 1177 2786 intel»

109 2797 211 2866 ligere.
227 2799 305 2854 suni
323 2809 425 2852 tamen
440 2798 551 2866 aliquae
564 2799 762 2868 operationes
780 2813 961 2854 communes
977 2800 1036 2854 sibi
1053 2804 1084 2856 ei
1103 2817 1177 2857 cor-

108 2871 183 2938 pori,
201 2873 242 2925 ut
252 2869 377 2932 timere,
393 2869 486 2924 irasci
502 2872 534 2923 et
548 2869 676 2932 sentire,
693 2872 725 2925 et
739 2870 905 2933 eiusmodi.
920 2872 988 2926 Haec
1003 2872 1086 2926 enim
1100 2874 1177 2927 aoei-

108 2939 182 2996 dunt
199 2941 375 2996 secundum
394 2939 529 3006 aliquam
552 2941 850 2996 transmutationem
872 2941 1007 3006 alicujus
1029 2944 1175 2998 determi-

109 3021 181 3066 nalae
197 3011 301 3083 partis
316 3010 468 3081 corporis.
485 3012 529 3064 Ex
544 3025 603 3078 quo
620 3014 705 3080 patet
719 3012 800 3079 quod
816 3011 909 3066 simul
924 3018 998 3068 sunt
1011 3015 1123 3069 animae
1143 3017 1174 3070 et

109 3084 247 3153 eorporis
274 3081 484 3154 operationes.
509 3081 638 3151 Oportet
665 3083 766 3150 igitur
793 3097 832 3138 ex
859 3084 964 3139 anima
987 3087 1018 3139 et
1044 3099 1174 3156 corpore

110 3166 201 3208 unum
218 3153 299 3217 lieri,
316 3155 347 3208 et
366 3153 446 3221 quod
464 3166 525 3208 non
539 3153 604 3208 sint
617 3155 786 3209 secundum
799 3168 865 3210 esse
881 3155 1006 3211 diversa
1022 3156 1071 3226 (l).

85 3293 90 3310 ι
140 3269 274 3324 Breviirs
292 3267 369 3323 alibi
381 3267 520 3323 eamdem
535 3269 710 3323 doctrinam
725 3268 869 3340 profert:

142 3374 186 3429 Ad
201 3374 376 3430 seeundum
392 3373 556 3430 dicendum
576 3375 658 3442 quod
673 3389 713 3430 ex
733 3375 839 3430 anima
859 3377 890 3432 et
909 3391 1040 3447 corpore
1056 3379 1178 3434 consti-

109 3443 208 3501 tuitur
224 3446 257 3500 in
274 3458 461 3514 unoquoque
481 3449 625 3501 nostrum
646 3446 763 3516 duplex
780 3447 894 3514 unitas,
915 3453 1036 3503 naturae
1050 3450 1082 3504 et
1101 3464 1178 3519 per-

109 3527 198 3571 sonae.
216 3518 345 3571 Naturae
360 3516 495 3582 quidem,
507 3517 678 3572 secundum
702 3519 783 3584 quod
799 3518 904 3573 anima
917 3520 1027 3574 unitur
1041 3521 1178 3591 corpori,

110 3581 286 3642 formaliter
304 3587 469 3656 perliniens
493 3587 607 3656 ipsum.
625 3589 660 3642 ut
683 3602 722 3642 ex
745 3589 866 3644 duobus
890 3588 946 3644 liat
970 3602 1182 3653 nosnatura,

110 3656 187 3714 siout
201 3673 243 3714 ex
256 3661 330 3714 actu
346 3661 379 3712 et
396 3659 547 3728 potentia,
561 3659 613 3714 vel
630 3659 761 3714 materia
777 3663 809 3716 et
828 3659 964 3717 formai...
981 3663 1090 3718 Unitas
1102 3665 1179 3718 vero

140 3847 172 3907 (l)
191 3849 258 3911 Op..
272 3849 321 3898 lib.
337 3848 371 3905 ll,
388 3863 427 3912 cp.
445 3865 507 3898 nvn¹
