2790 4546
241 421 295 478 258
652 437 704 478 ros
724 437 895 480 unrunnnn

242 561 281 603 ex
295 547 400 617 aliquo
414 547 538 619 publice
553 547 751 613 auctoritate,
769 549 822 604 sed
839 549 936 618 magis
949 564 988 604 ex
1002 549 1182 605 inordinata
1195 549 1295 604 volun-

177 645 183 657 ·
243 637 310 693 tate
325 636 405 708 »(1).

280 770 358 828 1265.
373 769 544 839 objectio.
559 800 591 811 -
602 769 734 826 Videtur
745 770 837 826 hodie
848 785 914 826 esse
930 770 1118 827 rationabile
1134 786 1168 827 ac
1180 772 1296 844 proinde

242 859 363 916 licitum
378 859 541 930 acceptare
556 859 696 915 duellum
711 873 750 915 ne
764 859 869 915 timidi
891 860 922 915 et
936 859 1050 928 abjecti
1067 860 1165 915 animi
1179 861 1248 916 nota
1260 861 1297 915 in-

243 949 402 1004 curratur.

279 1043 371 1118 Resp.
391 1047 506 1101 -Non
527 1048 602 1102 sunt
617 1046 758 1102 iacienda
774 1047 856 1102 mala
871 1047 907 1102 ut
921 1047 1069 1103 eveniant
1089 1048 1179 1103 bone.
1200 1048 1297 1102 Praete·

241 1149 295 1190 rea
309 1134 446 1190 duellum
464 1136 624 1204 acceptare
640 1150 701 1190 non
721 1136 768 1190 est
793 1136 916 1202 signum
942 1137 1063 1191 certum
1089 1136 1294 1192 fortitudinis:

242 1237 319 1278 vera
334 1223 417 1278 enim
433 1223 464 1278 et
477 1223 616 1293 perlecta
630 1223 783 1280 fortitudo
799 1224 847 1279 est
861 1224 1031 1279 secundnm
1045 1223 1216 1292 Justitiam.

625 1589 752 1647 CAPUT
775 1587 931 1647 LXXVIII

534 1751 574 1790 nn
593 1750 725 1792 OFFICIIS
745 1750 830 1792 ERGA
851 1751 1023 1794 PROXIMUII

278 1903 332 1959 Hic
349 1919 409 1959 non
427 1905 532 1973 agitur
547 1904 583 1959 de
599 1904 709 1960 officiis
723 1919 798 1974 erga
813 1905 966 1960 familiam
983 1907 1034 1961 vel
1049 1907 1237 1969 societatem,
1251 1905 1298 1960 sed

240 1994 366 2049 tantim
382 1994 418 2048 de
433 1993 541 2048 officiis
557 1994 805 2064 uniuscujusque
825 1995 962 2050 hominis
977 2009 1052 2064 erga
1066 1996 1146 2052 alios
1169 1994 1297 2050 homines

241 2083 395 2151 quatenus
407 2084 480 2138 sunt
493 2083 521 2136 ei
541 2082 686 2151 aequales,
703 2082 851 2138 habentes
866 2083 986 2139 scilicet
1000 2085 1141 2140 eamdem
1157 2083 1298 2152 originem

241 2172 273 2226 et
289 2171 432 2226 eumdem
451 2170 544 2226 finem
560 2171 719 2226 ultimum.

276 2281 395 2334 Tflnsrs.
412 2307 446 2318 —
460 2275 540 2332 Aliis
554 2275 731 2331 hominibus
756 2276 883 2333 debetur
906 2294 997 2332 umor
1011 2276 1092 2334 sicut
1114 2278 1221 2351 seipse,
1244 2292 1301 2332 non

240 2364 373 2439 ecceptis
392 2363 545 2422 inimicis.
566 2395 601 2406 -
623 2364 709 2420 Unde
729 2365 806 2437 jure
827 2370 954 2422 nature
973 2365 1178 2440 prohibemur
1200 2366 1301 2421 taedere

234 2455 376 2531 promimi
389 2472 569 2528 personam,
585 2454 650 2510 sive
664 2455 849 2522 libertatem,
865 2474 987 2512 necnon
1001 2458 1069 2529 ejus
1085 2458 1174 2522 bono,
1186 2457 1302 2527 famum

239 2547 288 2600 oet
303 2545 461 2600 honorem.
480 2543 640 2599 Debentur
658 2543 756 2598 etium
767 2545 915 2616 proximo
931 2545 1058 2612 veritae,
1078 2545 1191 2601 bonnm
1211 2561 1304 2600 enem-

233 2635 325 2708 ptum
340 2636 369 2688 et
383 2631 603 2688 benevolentia.
616 2664 651 2672 -
662 2631 803 2703 Denique
817 2635 907 2688 homo
918 2633 978 2690 sibi
993 2634 1077 2690 debet
1090 2639 1119 2690 et
1129 2632 1301 2708 presertim

238 2723 303 2778 Deo
317 2739 501 2778 succurrere
512 2721 657 2794 prouimo
676 2720 711 2776 in
726 2721 974 2786 necessitutibus,
998 2722 1082 2778 unde
1092 2721 1224 2794 justitia
1241 2721 1303 2777 sine

240 2811 440 2883 beneficentio
456 2813 484 2864 et
497 2810 631 2866 caritate
646 2827 710 2864 non
723 2809 852 2882 sufficit.

277 2937 354 2992 1266.
371 2938 423 2993 De
447 2951 569 2992 amore
591 2936 757 3007 proximi.
777 2939 898 2993 -Non
920 2938 1022 2992 solnm
1046 2938 1113 3006 lege
1140 2935 1306 2992 christiana

237 3026 390 3089 caritatis,
407 3026 460 3080 sed
483 3026 578 3080 etiam
605 3027 671 3094 lege
692 3025 831 3080 naturali
846 3026 1031 3096 praecipitur
1051 3039 1140 3080 amor
1154 3024 1303 3095 proximi.

239 3115 317 3170 Nam
332 3114 381 3168 hic
395 3128 485 3168 amor
499 3128 517 3168 a
532 3106 647 3169 naturtt
666 3113 734 3185 ipset
747 3114 957 3185 proficiscitur
977 3113 1141 3182 (siqnidem
1157 3114 1252 3168 homo
1266 3114 1309 3168 est

240 3218 295 3259 ens
319 3203 443 3269 sociale)
459 3204 552 3272 atque
574 3203 678 3258 ordini
694 3217 800 3258 rerum
819 3203 867 3258 est
885 3203 1013 3259 omnino
1029 3201 1210 3258 conformis.
1227 3201 1307 3257 Unde

241 3293 335 3348 etiam
357 3292 498 3347 homines
518 3291 727 3346 crudelissimi
746 3293 893 3361 quaerunt
914 3292 1030 3347 amicos
1052 3292 1088 3345 ut
1108 3304 1161 3346 eos
1182 3291 1309 3360 diligant

241 3383 273 3438 et
288 3395 359 3435 oum
374 3381 419 3436 eis
435 3380 614 3435 convivent.
637 3380 692 3434 Hio
711 3395 802 3435 amor
820 3382 868 3436 est
887 3379 925 3434 ad
940 3379 1110 3448 imaginem
1130 3379 1250 3434 amoris
1264 3377 1308 3436 sni

240 3469 355 3540 ipsius,
376 3471 412 3524 ut
436 3469 510 3524 alibi
530 3469 649 3523 dietum
670 3469 718 3523 est
739 3469 786 3540 tn.
811 3469 902 3538 1256).
931 3461 1112 3538 Explicatur
1129 3469 1239 3524 autem
1258 3480 1309 3538 per

241 3557 480 3614 similitudinem
514 3559 636 3612 naturae
661 3557 693 3612 et
715 3556 797 3613 finis.
828 3556 1006 3612 Similitudo
1034 3557 1129 3622 enim,
1156 3556 1234 3614 licet
1260 3569 1309 3626 per

238 3646 383 3702 accidens
405 3647 506 3716 possit
527 3660 593 3702 esse
617 3659 712 3702 causa
730 3645 869 3708 invidiae,
891 3646 1063 3702 esttamen
1085 3660 1144 3717 per
1161 3661 1195 3702 se
1220 3657 1307 3702 causa

270 3840 304 3902 (n
321 3840 347 3890 s.
364 3839 423 3898 ra,
437 3840 507 3892 ana

528 4017 537 4050 b
