2790 4546
238 430 294 488 244
649 445 702 486 rus
721 443 894 486 urrunnun

236 554 301 624 juo,
314 555 390 625 jura
400 555 505 612 tamen
517 557 703 626 quandoque
713 555 864 612 videntur
877 555 1031 626 opposita,
1043 556 1194 626 quatenus
1207 571 1287 612 unum

235 643 289 714 jus
304 645 399 700 talem
424 645 553 702 heberet
572 646 718 702 effectum
740 645 767 700 si
792 644 830 700 sb
851 645 913 700 8118
934 642 1008 712 jure
1029 643 1081 700 hic
1106 646 1288 702 effectusnon

154 745 157 748 ·
238 733 458 804 impediretur.
477 761 512 774 -
524 736 554 790 3ο
569 732 703 788 Coactio.
719 735 774 789 188
788 733 870 788 enim
885 732 968 789 esset
981 732 1160 790 illusorium
1178 735 1202 790 si
1216 734 1288 790 debi-

239 823 292 880 tor
306 836 368 878 non
382 823 488 893 posset
501 823 570 892 cogi
585 823 624 879 cd
636 822 715 878 illud
734 821 938 878 reddendum.

187 994 190 1000 ,
280 955 362 1012 1241.
377 956 549 1012 Debitum
559 971 625 1012 seu
639 954 801 1012 oiiioium
822 971 829 1009 ε
850 955 928 1025 elus
941 955 1093 1026 specics.
1109 986 1143 996 —
1160 955 1291 1024 1881888-Ι

239 1046 356 1116 pondet
370 1044 510 1101 debitum
526 1059 580 1100 seu
594 1043 742 1100 officium.
759 1043 901 1100 Officium
915 1045 964 1100 est
982 1041 1234 1116 889811888188.
1252 1059 1289 1112 gr.

240 1134 357 1191 nemini
373 1135 420 1190 881
435 1133 620 1203 nocendum)
644 1134 695 1189 vel
708 1128 881 1206 positivum
898 1133 958 1202 (ex.
976 1147 1023 1202 gr.
1039 1133 1239 1188 obediendum
1252 1133 1290 1188 est

238 1221 446 1295 parentibus).
469 1222 591 1277 Dicitur
612 1222 707 1278 etiam
730 1218 913 1294 positis-um,
944 1221 970 1278 si
999 1221 1153 1278 fundatur
1181 1221 1211 1277 in
1235 1223 1292 1291 lege

238 1309 385 1381 positivi,
406 1309 555 1364 naturate
570 1311 675 1366 autem
691 1310 718 1366 si
735 1309 888 1366 fundatur
898 1311 931 1364 in
951 1310 1018 1378 lege
1031 1310 1180 1366 naturali.

273 1400 486 1470 Distinguitur
509 1399 621 1454 deinde
645 1398 782 1454 officium
804 1397 977 1467 juridicum
997 1412 1052 1454 seu
1082 1397 1177 1471 189818
1191 1399 1220 1454 81
1237 1397 1289 1453 8111-

240 1489 323 1544 cium
340 1487 527 1559 simpliciter
541 1487 672 1542 morato.
688 1487 774 1551 Quod
790 1487 834 1543 sic
849 1486 986 1557 explicat
1000 1488 1028 1542 S·
1045 1486 1103 1541 Th.
1121 1505 1128 1540 :

274 1594 327 1650 Est
350 1593 392 1649 du
416 1593 467 1650 lex
492 1593 643 1658 debitum,
667 1593 786 1649 scilicet
811 1593 928 1648 morale
950 1593 982 1648 et
1004 1593 1142 1661 legale...
1163 1592 1288 1648 Debitum

238 1665 364 1734 quidem
388 1611 487 1734 iigare
509 1667 557 1720 est
579 1665 618 1720 ed
642 1664 724 1733 quod
746 1663 938 1718 reddendum
954 1661 1069 1732 aliquis
1095 1663 1289 1734 1898818188-

160 1780 162 1784 .
238 1737 340 1806 gitur;
357 1737 389 1792 et
400 1737 462 1792 1818
478 1735 617 1792 debitum
633 1734 760 1806 proprie
776 1735 911 1804 attendit
926 1734 1065 1803 justitio,
1081 1747 1151 1804 quse
1165 1736 1210 1790 est
1220 1733 1290 1804 prin-

237 1809 346 1879 cipalis
360 1808 474 1863 virtus.
490 1807 634 1890 Debitum
659 1808 763 1862 nutem
780 1807 897 1861 morale
918 1807 967 1862 881
990 1805 1073 1874 quod
1087 1806 1198 1876 aliquis
1211 1805 1288 1860 debet

238 1893 277 1934 cx
292 1879 454 1934 honestate
469 1879 599 1934 vlrtutls
614 1877 665 1948 (l).

273 1995 327 2050 His
342 1994 444 2059 dictis,
474 1994 539 2048 haec
561 1992 730 2049 statuimus
753 1993 790 2048 de
810 1991 932 2062 J'urium
948 1992 981 2048 et
1003 1991 1178 2048 officiorum
1196 1991 1292 2047 funde-

238 2083 354 2148 mento,
369 2097 489 2139 necnon
505 2083 541 2139 de
555 2081 722 2153 praeceptis
737 2081 894 2150 negativis
910 2081 941 2136 81
955 2081 1101 2151 positivis
1118 2096 1127 2136 τ

272 2191 393 2246 ΤΗ8818.
416 2219 451 2230 -
471 2187 618 2261 Officium
638 2189 668 2242 81
686 2186 741 2260 jus
761 2185 917 2242 nonsatis
937 2202 970 2242 se
984 2185 1143 2258 empticant
1157 2185 1288 2246 inuicem,

236 2276 291 2332 sed
304 2275 394 2333 ambo
407 2277 587 2346 fundantur
599 2275 635 2330 in
650 2276 713 2349 1898
728 2272 845 2330 morati
858 2272 1014 2329 naturali.
1033 2303 1068 2315 -
1093 2273 1146 2329 Vis
1160 2289 1226 2348 erpo
1239 2287 1290 2327 non

237 2369 282 2422 est
294 2365 491 2442 principium
503 2366 632 2439 jurium
648 2365 923 2440 8181118888.-
939 2363 1014 2428 Quos
1029 2364 1117 2420 nullo
1131 2365 1218 2420 modo
1232 2363 1291 2418 tru-

236 2454 275 2512 tis
286 2453 479 2512 animalibus
492 2455 590 2510 tribui
598 2459 740 2529 possunt,
757 2457 829 2510 8888
842 2453 905 2509 1818
919 2453 977 2527 1891
991 2451 1108 2509 morati
1117 2451 1225 2526 subjici
1238 2465 1289 2506 non

230 2543 362 2617 possint.
379 2577 413 2585 -
429 2543 517 2616 Lepis
532 2546 637 2600 autem
657 2542 787 2599 moratis
806 2542 966 2598 naturalis
984 2545 1139 2616 praecepta
1158 2538 1291 2614 88981188

236 2633 372 2705 81119881
396 2633 543 2698 absolute,
566 2634 602 2688 tn
624 2633 1022 2704 98888898888888811818.
1039 2629 1150 2688 -Sed
1169 2631 1204 2686 in
1214 2647 1292 2706 prn-

236 2721 330 2795 ceptis
343 2721 488 2796 positivis
499 2721 690 2796 enceptiones
703 2737 867 2777 occurrere
880 2721 1018 2794 possunt.

276 2851 353 2913 1242.
376 2856 544 2913 Officium
558 2861 597 2914 et
611 2857 677 2926 188.
699 2855 887 2914 Quodnam
898 2856 948 2912 sit
966 2855 1155 2926 primum?
1170 2884 1203 2896 -
1225 2852 1289 2908 offl-

238 2945 322 3001 cium
342 2945 373 3002 81
390 2946 443 3014 J‘us
462 2961 494 3001 se
520 2945 630 3001 mutuo
648 2945 862 3009 manifestent,
886 2945 922 3001 ut
941 2945 1008 3014 jnm
1032 2943 1171 3000 diximus
1192 2959 1199 2997 :
1227 2939 1291 2998 sunt

237 3034 320 3089 enim
335 3035 533 3090 correlativa.
550 3033 636 3089 Unde
653 3033 788 3090 odicium
812 3033 1030 3103 importutjus
1044 3033 1167 3101 aliquod
1189 3031 1251 3088 sive
1264 3029 1290 3083 in

236 3122 299 3177 8118
311 3123 456 3194 personis,
477 3123 543 3179 sive
559 3123 658 3178 etiam·
673 3123 706 3178 in
722 3121 850 3188 eodem
867 3121 899 3177 81
916 3121 970 3192 jus
986 3121 1136 3177 similiter
1149 3119 1288 3191 quoddun

236 3211 372 3290 officium
386 3212 547 3282 importat.
573 3214 618 3266 Ex
641 3211 690 3266 his
713 3209 833 3266 duobus
854 3207 908 3277 jus
922 3209 1051 3266 ridetur
1066 3223 1134 3266 8888
1162 3206 1288 3266 obsolute

236 3314 291 3355 seu
306 3300 481 3369 ontologice
493 3301 600 3370 prius;
616 3313 688 3354 nam
702 3299 757 3368 jus
779 3313 811 3355 sc
827 3297 921 3354 hebet
935 3300 974 3356 sd
994 3298 1133 3354 officium
1153 3299 1287 3367 tanquam

236 3389 375 3444 activum
404 3388 442 3442 ad
466 3388 639 3458 passivum.
667 3388 822 3444 Preeteres
851 3389 884 3443 in
907 3390 967 3444 Deo
991 3402 1053 3444 non
1077 3387 1153 3444 sunt
1174 3383 1287 3458 proprie

236 3476 347 3542 8111818,
364 3477 417 3531 sed
445 3477 640 3532 solummodo
662 3465 748 3544 jura,
772 3477 936 3546 exquibus
960 3475 1065 3532 fluunt
1083 3476 1286 3532 creaturarum
1334 3465 1337 3479 '

236 3564 348 3619 officia.
370 3566 393 3619 E
414 3579 574 3630 converso,
600 3565 633 3619 in
657 3567 823 3630 creaturis,
847 3566 948 3636 primo
970 3565 1179 3620 inveniuntur
1199 3559 1288 3618 officia

235 3665 310 3721 erga
324 3655 436 3718 Deum;
462 3655 494 3709 81
518 3668 557 3709 cx
582 3653 645 3708 11118
660 3654 770 3709 officiis
782 3653 858 3722 juro
875 3654 1034 3725 praecipus
1053 3651 1288 3722 uniuscuiusque

266 3846 511 3912 88888
