2828 4550
324 371 425 412 CAPUT
439 371 526 412 nx1v.
542 359 638 412 -sos
657 357 734 418 ioco,
754 357 831 420 1077,
852 357 931 419 1078,
951 355 1028 410 1079.
1096 321 1098 324 ’
1166 356 1216 410 ior

139 482 304 551 occupant.
330 481 416 536 Unde
431 481 658 550 quodammodo
674 483 754 535 Deus
779 480 879 550 replet
903 481 1052 551 spatium,
1069 481 1213 550 quamvis

140 570 226 626 nullo
243 571 336 626 modo
353 571 551 626 contineatur
562 571 613 625 vel
627 571 830 625 mensuretur
844 570 882 624 ab
897 584 933 625 eo
949 570 996 640 tl).

173 667 205 722 30
215 666 303 722 Deus
318 670 362 722 est
376 666 487 738 ubique
497 683 557 740 per
570 665 750 732 essentiam,
760 666 965 740 praesentiam
980 668 1010 721 et
1024 666 1210 738 potentiam.

140 759 228 821 Nam,
245 757 282 812 ut
296 757 414 825 optime
429 757 588 832 concludit
602 757 630 810 S.
648 757 723 824 Tin:
740 759 820 812 Deus
841 776 854 806 «
871 757 920 812 est
934 757 967 811 in
988 756 1134 812 omnibus
1155 771 1214 826 per

141 846 328 916 potentiam,
348 846 535 914 inquantum
555 846 658 900 omnia
684 845 753 914 eJus
776 846 926 916 potestati
948 837 1139 910 subduntui3
1165 847 1212 900 est

142 949 197 1004 per
210 934 414 1004 praesentiam
435 934 467 988 in
483 933 638 990 omnibus.
659 935 845 1002 inquantum
871 935 979 988 omnia
993 933 1078 990 nuda
1091 934 1166 989 sunt
1180 935 1213 988 et

141 1023 253 1094 aperta
267 1023 366 1078 oculis
381 1023 468 1092 eJ‘us;
484 1025 532 1078 est
546 1023 579 1077 in
595 1023 740 1078 omnibus
756 1037 813 1092 per
827 1023 1006 1087 essentiam,
1022 1023 1209 1090 inquantum

140 1113 227 1168 adest
241 1113 387 1168 omnibus
403 1113 440 1166 ut
453 1125 547 1167 causa
562 1112 694 1177 essendi,
713 1111 748 1167 ut
766 1111 884 1166 dictum
901 1113 978 1166 est»
996 1111 1043 1181 (2).

173 1257 251 1310 1078.
276 1255 507 1310 Immensitas
526 1255 652 1310 divina
674 1259 732 1311 est
749 1254 1023 1310 transcendens.
1043 1253 1210 1309 —Exinde

135 1343 303 1399 inferimus
318 1344 562 1399 immensitatem
586 1343 725 1416 divinam
748 1357 815 1399 esse
829 1343 1111 1398 transcendentem.
1131 1345 1208 1396 Nam

137 1433 221 1489 solus
241 1435 325 1488 Deus
346 1435 395 1488 est
410 1433 524 1501 ubique
537 1447 594 1504 per
618 1433 785 1488 essentiam
809 1446 907 1487 suam.
930 1433 1015 1487 Unde
1040 1435 1124 1486 recte
1139 1446 1208 1486 con-

136 1521 235 1578 cludit
250 1524 279 1576 S·
298 1522 352 1576 Th.
371 1539 378 1574 :
637 1517 640 1520 '

171 1629 389 1697 Quotcumque
422 1629 489 1684 loca
517 1631 685 1700 ponantur,
710 1629 835 1684 etiamsi
863 1629 1057 1698 ponerentur
1085 1626 1210 1682 infinita
1304 1615 1306 1618 ’

136 1702 252 1770 praeter
267 1700 330 1754 ista
344 1713 413 1768 queo
428 1702 512 1764 sunt,
528 1703 689 1770 oporteret
704 1701 737 1754 in
761 1700 906 1756 omnibus
921 1713 989 1756 esse
1004 1701 1118 1762 Deum;
1135 1701 1209 1766 quia

27 1769 29 1848 j
137 1771 215 1826 nihil
228 1771 336 1840 potest
356 1785 422 1826 esse
437 1772 498 1826 nisi
513 1786 568 1840 per
582 1771 696 1842 ipsum.
713 1771 761 1826 Sic
776 1772 874 1840 igitur
896 1784 962 1825 esse
978 1769 1092 1838 ubique
1104 1769 1208 1841 primo
1314 1805 1315 1808 η

137 1843 166 1896 et
178 1857 237 1912 per
251 1857 286 1897 se
300 1843 448 1898 convenit
462 1843 523 1898 Deo
538 1845 570 1898 et
589 1845 637 1898 est
652 1842 815 1913 proprium
832 1843 919 1911 ejus;
942 1841 1017 1909 quia
1037 1841 1208 1910 quotcum-

138 1926 193 1980 que
212 1915 283 1968 loca
304 1915 472 1982 ponantur,
497 1915 623 1984 oportet
640 1915 721 1982 quod
744 1913 776 1966 in
803 1913 942 1980 quolibet
964 1914 1006 1968 sit
1027 1915 1118 1975 Dens,
1146 1925 1207 1966 non

27 2033 28 2040 ,
138 1985 307 2040 secundum
323 1984 456 2055 partem,
473 1985 527 2040 sed
540 1985 709 2040 secundum
726 1985 864 2054 seipsum
881 1982 930 2053 (3).

172 2125 251 2188 1079.
270 2125 508 2196 objectiones.
526 2157 560 2165 -
577 2127 607 2180 10
621 2128 702 2182 Deus
717 2125 822 2181 omnia
841 2125 1044 2192 transcendit,
1066 2125 1102 2180 ut
1125 2139 1207 2196 saepe

27 2201 29 2240 ἵ
139 2216 256 2271 dictum
280 2217 337 2270 est.
355 2217 417 2271 Hoc
445 2217 550 2270 autem
579 2213 719 2270 excludit
747 2213 983 2268 immanentiam
1011 2213 1150 2268 divinam
1171 2228 1207 2269 ac

27 2291 28 2368 J
137 2304 267 2373 proinde
282 2304 480 2373 praesentiam
497 2303 550 2358 Dei
565 2303 597 2357 in
612 2303 716 2358 rebus.

167 2399 261 2474 Resp.
286 2402 418 2456 -cum
446 2403 527 2456 Deus
551 2401 593 2456 sit
614 2401 848 2463 transcendens,
874 2413 936 2454 non
960 2399 1150 2468 potestesse
1173 2401 1207 2456 in

135 2490 224 2546 rebus
240 2491 392 2558 tanquam
414 2503 523 2544 earum
546 2503 619 2560 pars
644 2489 695 2544 vel
714 2490 914 2553 elementum,
932 2489 968 2543 ut
989 2488 1101 2543 volunt
1122 2502 1204 2559 pan-

134 2577 272 2644 theistae3
294 2578 347 2633 sed
371 2581 475 2648 potest
494 2581 525 2634 et
554 2579 644 2634 debet
672 2592 739 2633 esse
760 2591 898 2647 praesens
924 2577 1035 2633 intime
1059 2577 1203 2632 omnibus

27 2721 29 2730 ,
136 2666 236 2723 rebus.

166 2757 195 2811 2⁰
204 2755 369 2824 Ubiquitas
384 2755 492 2810 divina
506 2755 742 2812 demonstratur
754 2769 794 2810 ex
809 2770 844 2810 eo
859 2753 942 2824 quod
956 2755 1039 2811 actio
1054 2754 1161 2810 divina
1171 2756 1203 2809 in

27 2859 29 2900 ι
136 2842 253 2901 distans
268 2845 310 2900 sit
331 2843 546 2916 impossibilis.
563 2843 620 2900 Sed
642 2847 733 2908 Deus,
749 2845 859 2914 utpote
878 2845 1076 2915 omnipotens
1099 2845 1205 2915 potest

27 2931 29 3012 g
135 2945 223 3000 agere
253 2934 287 2989 in
315 2933 449 2989 distans.
477 2934 585 2988 Potest
608 2933 714 2996 etiam,
739 2934 810 2988 cum
835 2934 878 2989 sit
903 2947 997 2989 causa
1019 2933 1132 3003 prima,
1157 2933 1203 2987 uti

27 3049 29 3054 ·
137 3021 234 3078 causis
250 3021 404 3078 secundis.

27 3121 29 3188 ᾗ
167 3115 258 3193 Resp.
268 3148 303 3160 -
313 3119 402 3176 Actio
416 3119 600 3176 immediata
613 3120 646 3175 in
662 3121 781 3176 distans
797 3122 962 3190 repugnat.
974 3119 1107 3176 Aliunde
1122 3123 1202 3175 Deus

27 3247 28 3272 q
134 3219 190 3261 non
209 3207 316 3278 potest
335 3220 426 3276 agere
451 3207 584 3263 mediate
606 3209 759 3274 quatenus
785 3209 1009 3276 causamme,
1029 3208 1157 3263 creator
1171 3213 1204 3264 et

27 3273 29 3354 ἶ
134 3295 339 3353 conservator
353 3296 505 3360 omnium,
527 3297 596 3351 cum
612 3296 769 3352 influxum
791 3297 934 3352 divinum
957 3297 1043 3352 nulla
1057 3297 1203 3353 creatura

27 3383 28 3440 ζ
135 3384 275 3456 supplere
290 3385 399 3454 possit.

162 3543 195 3604 (l)
210 3544 291 3600 Icta,
306 3557 329 3592 a.
346 3543 369 3591 2.

162 3605 195 3668 (2)
211 3606 297 3662 Icta„
314 3620 337 3654 e.
351 3605 374 3654 3.

162 3667 195 3730 (3)
212 3669 289 3726 ibid„
304 3683 328 3716 a.
344 3669 368 3717 4.
