2910 4568
276 416 378 458 curun
393 417 446 456 1211.
461 432 491 440 -
508 413 557 456 N⁰⁸
572 401 635 464 876,
651 403 714 464 877,
731 400 795 468 878,
811 403 876 466 879,
891 400 954 466 880,
971 402 1034 456 881.
1158 401 1194 455 79

120 528 265 584 minusve
278 527 438 584 abstracta
450 527 525 583 sunt
543 525 701 596 objectum
723 526 938 592 scientiarum,
961 525 1033 581 finis
1047 527 1192 597 particu-

119 618 208 682 laris,
224 631 297 672 cum
313 615 379 693 suis
404 615 524 681 mediis,
540 617 589 672 est
607 615 764 686 objectum
787 616 880 672 artis.
899 616 985 671 Unde
1009 617 1194 673 differentiae

121 721 191 776 quae
208 705 429 762 discriminant
442 704 568 761 habitus
583 706 658 760 sunt
676 703 883 761 accidentales
897 705 1056 776 potentiae.

160 842 225 897 878.
241 840 376 897 Mentis
393 839 601 911 qualitates.
617 867 652 880 -
666 838 918 910 Multiplicentur
931 853 1005 910 ergo
1021 840 1145 896 habitus
1160 840 1194 896 in

124 931 235 986 eadem
258 929 376 994 mente,
397 941 466 996 quae
486 928 531 984 sic
551 927 661 983 multis
684 927 783 983 modis
807 926 915 998 perfici
937 931 1053 997 potest.
1077 928 1196 985 Exinde

124 1019 295 1090 qualitates
316 1017 490 1073 innumerae
515 1029 583 1086 quae
606 1017 678 1088 plus
703 1015 847 1072 minusve
870 1016 908 1070 ab
933 1018 1059 1086 organis
1079 1021 1111 1074 et
1132 1032 1199 1074 cor-

123 1108 214 1180 poris
233 1105 449 1177 complexione
470 1105 657 1177 dependent‚
674 1105 747 1162 licet
769 1105 834 1161 sint
857 1105 1049 1175 spirituales.
1072 1107 1200 1162 Assimi-

123 1200 237 1252 lantnr
251 1195 376 1265 quidem
388 1193 592 1264 qualitatibus
607 1209 774 1264 corporum
796 1196 927 1265 propter
940 1196 1128 1264 analogiam,
1144 1197 1201 1250 aui

123 1285 226 1342 etiam
242 1285 372 1356 propter
386 1283 625 1355 dependentium
644 1282 682 1338 ab
698 1283 843 1352 organls3
859 1283 913 1338 scd
935 1299 998 1340 nou
1018 1285 1088 1340 ideo
1111 1284 1201 1340 dubi·

122 1375 260 1432 tandum
274 1375 321 1430 est
332 1373 368 1429 de
383 1373 504 1430 unitate
518 1373 694 1428 intellectis
710 1387 810 1442 neque
824 1387 842 1428 a
857 1373 983 1429 fortiori
997 1375 1034 1430 de
1049 1375 1201 1446 spiritua-

125 1463 222 1520 litate
237 1461 351 1518 mentis
366 1460 521 1518 humanae.

165 1597 231 1652 879.
251 1596 304 1652 De
323 1595 466 1652 actibus
484 1595 700 1652 intellectus.
716 1625 752 1637 -
775 1597 809 1651 ln
828 1595 936 1651 eadem
961 1597 1082 1653 unitate
1106 1597 1200 1654 intel·

125 1685 231 1753 lectus
246 1685 452 1740 inveniuntur
466 1689 554 1740 actus
569 1685 706 1740 diversi:
723 1683 865 1749 attentio,
878 1683 1014 1757 reflectio,
1027 1683 1199 1756 judicium,

126 1777 189 1832 etc.
206 1773 347 1830 Attentio
367 1773 517 1830 estactus
536 1788 596 1842 quo
617 1787 703 1829 mens
719 1788 751 1830 se
775 1775 933 1830 convertit
957 1774 995 1830 ed
1016 1789 1110 1830 unam
1133 1790 1201 1832 rem

127 1879 197 1938 prae
212 1862 326 1919 ceteris
341 1862 608 1919 considerandam.
619 1861 756 1918 Reflexio
772 1864 820 1918 est
834 1863 924 1932 qnasi
939 1863 1079 1934 perlecta
1090 1867 1123 1922 et
1138 1865 1203 1920 lon·

129 1955 204 2024 gior
217 1953 362 2009 attentio.
378 1951 515 2008 Rellexio
531 1951 648 2008 dicitur
661 1951 757 2007 etiam
772 1953 861 2008 actus
878 1952 1053 2008 intellectis
1068 1955 1206 2010 redeun-

128 2045 173 2100 tis
188 2043 224 2098 in
238 2041 385 2113 proprios
399 2042 487 2098 actus
502 2041 605 2096 autin
626 2040 705 2096 alios
720 2043 808 2096 actus
833 2041 981 2110 subjectu
1003 2043 1035 2098 et
1049 2041 1126 2098 tuno
1142 2058 1203 2099 non

128 2133 240 2189 differt
263 2131 301 2186 ab
321 2131 393 2186 actu
420 2128 628 2186 conscientiae.
653 2129 809 2184 Jndlclnm
834 2131 882 2185 est
909 2132 998 2186 actus
1027 2145 1086 2200 qno
1117 2146 1204 2188 mens

127 2219 295 2290 componit
309 2219 360 2274 vel
374 2218 488 2274 dividit
502 2218 579 2273 duas
599 2217 684 2274 ideas
699 2217 750 2274 vel
764 2218 840 2274 duos
855 2218 1018 2286 terminos,
1035 2225 1071 2275 nt
1084 2221 1205 2276 dictum

128 2311 180 2368 est
206 2309 241 2365 in
264 2307 373 2378 logici.
395 2309 461 2363 Non
484 2308 533 2362 est
555 2308 656 2376 igitur
676 2308 802 2378 proprie
825 2307 959 2364 facultas
985 2309 1133 2365 distincta
1157 2325 1204 2365 re-

129 2397 291 2463 flexionis‚
307 2397 358 2452 vel
372 2395 566 2461 attentionis,
583 2396 633 2451 vel
643 2393 768 2463 judicii.
1254 2399 1258 2410 ·

165 2531 231 2590 880.
247 2533 270 2588 J
273 2529 432 2586 odicium
446 2533 504 2586 est
522 2534 628 2585 actus
646 2529 862 2587 intellectus.
882 2561 914 2574 -
925 2531 965 2587 De
983 2531 1113 2601 judicio,
1129 2546 1209 2586 con·

128 2627 182 2679 tra
201 2620 396 2677 certesiauos
421 2619 592 2675 asserimus
607 2619 684 2675 illud
704 2633 770 2674 esse
796 2619 974 2677 formaliter
995 2623 1100 2676 actum
1120 2620 1211 2675 intel-

128 2711 244 2774 lectus,
260 2723 323 2766 non
339 2710 444 2765 eutem
467 2707 651 2763 voluntatis.
670 2708 827 2764 Jndicium
848 2709 933 2764 enim
955 2713 1103 2765 versatur
1128 2709 1213 2764 circa

129 2813 259 2864 verum,
277 2799 361 2854 sicut
383 2797 449 2866 ipse
473 2797 662 2862 intellectus,
688 2797 762 2852 dum
787 2798 933 2854 voluntas
959 2801 1107 2854 versatur
1128 2799 1213 2854 circa

130 2892 266 2946 bonum.
288 2885 567 2942 Voluntas-influit
588 2886 714 2955 quidem
737 2886 771 2941 in
787 2887 945 2954 judicium
970 2889 1002 2944 et
1028 2888 1213 2956 quandoque

129 2975 377 3048 illuddmperut,
398 2974 453 3031 sed
471 2975 550 3031 illud
572 2988 732 3044 nunquam
757 2975 852 3031 efficit
874 2991 930 3032 seu
953 2974 1045 3031 elicit.
1067 2977 1145 3032 Saue
1159 2991 1214 3031 vo-

128 3068 241 3126 luntas
254 3067 286 3121 et
297 3065 475 3120 intellectus
489 3064 572 3120 circe
584 3063 666 3120 idem
678 3063 836 3132 objectum
854 3066 1014 3120 materiale
1026 3067 1208 3127 versantur,

132 3170 211 3213 nam
230 3154 412 3224 judicamus
433 3151 471 3208 de
493 3151 574 3208 bono
594 3153 627 3208 et
646 3153 792 3209 volumus
812 3167 942 3219 vernm;
959 3152 1013 3209 sed
1029 3153 1210 3222 judicamus

131 3247 174 3302 de
203 3244 284 3300 bono
307 3243 460 3310 quatenus
481 3255 593 3298 verum
616 3243 674 3308 cst,
698 3243 731 3298 et
755 3243 901 3299 volumus
926 3256 1036 3298 verum
1061 3244 1214 3310 quatenus

135 3335 259 3390 bonum
274 3333 324 3388 est
339 3331 381 3400 (v.
398 3345 428 3388 n.
449 3330 522 3402 115).

176 3419 343 3476 Distinctio
363 3418 476 3488 jndicii
500 3420 532 3475 et
555 3419 718 3474 volitionis
746 3421 876 3488 apparet
899 3415 995 3474 etiam
1020 3431 1060 3473 ex
1081 3431 1117 3472 eo
1133 3417 1216 3486 quod

130 3509 295 3580 judicium
311 3522 379 3565 esse
390 3509 494 3578 potest
508 3505 575 3564 sine
587 3506 653 3563 nlla
667 3506 827 3571 volitione,
840 3513 895 3562 aut
909 3507 1004 3577 eciem
1021 3507 1216 3575 repugnante

140 3597 321 3654 voluntate.

180 3733 246 3789 881.
264 3730 502 3803 objectiones.
519 3760 553 3773 -
573 3731 601 3786 1ο
616 3729 782 3802 opiniones
797 3733 829 3788 et
843 3730 1005 3788 sententiae
1020 3731 1095 3786 sunt
1111 3729 1221 3785 volun·

141 3822 260 3888 tariae3
275 3836 350 3892 ergo
366 3821 525 3878 voluntati
545 3819 756 3878 adscribendae
769 3822 853 3912 sunt.
