2828 4550
171 399 223 454 llo
597 407 812 454 rsrcuooccul

170 536 210 580 aa
229 523 331 594 seipso
350 520 444 578 habet
460 524 613 578 virtutem
625 524 662 578 ut
679 523 848 591 intelligat,
865 535 926 577 non
947 523 1050 578 autem
1068 523 1105 577 ut
1119 523 1246 579 intelli-

170 596 273 664 gatur,
290 595 351 650 nisi
367 594 537 652 secundum
550 595 631 662 qubd
647 594 683 648 iit
697 595 803 650 actu...
816 593 875 663 (ut)
891 593 965 662 quia
975 594 1180 649 connaturale
1195 596 1248 650 est

169 667 343 723 intellectui
367 666 476 721 nostro
500 665 668 720 secundum
690 665 808 720 statum
832 665 994 734 praesentis
1014 665 1089 719 vitae
1106 665 1189 732 quod
1204 667 1245 721 ad

171 737 346 793 materialia
361 739 393 792 et
407 735 567 792 sensibilia
580 736 760 806 respiciat...
778 737 1032 804 consequens'est
1046 737 1082 790 ut
1101 736 1145 790 sic
1160 737 1243 807 seip-

169 822 238 864 sum
253 808 411 876 intelligat
425 808 603 864 intellectus
618 808 735 867 noster,
752 807 924 862 seeundum
944 807 1026 874 qubd
1046 805 1082 861 fit
1097 808 1169 862 actu
1185 821 1248 878 per

168 878 285 951 species
301 894 319 933 a
332 879 531 934 sensibilibus
546 879 719 934 abstractas
732 891 787 948 per
799 879 904 934 lumen
915 877 1094 932 intellectis
1106 879 1242 947 agentis,

169 951 251 1018 quod
275 951 323 1004 est
346 951 435 1005 actus
464 949 605 1020 ipsorum
627 948 894 1017 intelligibilium
910 951 942 1004 ct
966 949 1010 1004 eis
1031 949 1247 1006 mediantibus

168 1021 319 1088 intelligit
332 1021 509 1077 intellectus
528 1021 696 1091 possibilis.
712 1022 777 1074 Non
791 1035 865 1088 ergo
884 1036 941 1090 per
955 1021 1122 1075 essentiam
1138 1034 1242 1090 suam,

168 1092 221 1147 sed
245 1107 301 1160 per
323 1093 428 1146 actum
453 1107 545 1146 suum
565 1105 597 1147 se
615 1091 775 1162 cognoscit
797 1091 975 1146 intellectus
998 1093 1119 1157 nostem
1137 1092 1169 1147 et
1184 1091 1246 1147 hoc

168 1162 336 1234 dupliciter
352 1179 359 1216 :
375 1177 438 1218 uno
453 1163 578 1231 quidem
603 1164 694 1218 modo
709 1163 953 1232 particulariter,
969 1161 1140 1217 secundum
1159 1163 1245 1232 qudd

169 1236 310 1290 Socrates
325 1234 376 1289 vel
391 1235 477 1288 Plato
491 1233 622 1302 percipit
637 1248 668 1288 se
684 1234 798 1289 habere
810 1235 948 1288 animam
964 1233 1192 1288 intellectivam
1206 1249 1244 1288 ex

169 1305 227 1360 hoc
246 1305 327 1374 qudd
347 1305 481 1376 percipit
505 1319 537 1359 se
561 1305 747 1373 intelligere.
774 1305 842 1360 Alio
874 1305 965 1359 modo
997 1304 1031 1360 in
1055 1305 1243 1368 universali,

169 1376 339 1431 secundum
355 1377 436 1444 qubd
452 1377 596 1430 naturam
616 1376 761 1432 humanae
777 1376 891 1431 mentis
906 1390 944 1430 ex
968 1376 1041 1430 actu
1061 1375 1247 1436 intellectis

167 1447 436 1502 consideramus...
452 1448 506 1501 Est
526 1448 631 1501 autem
648 1447 826 1502 differentia
848 1447 933 1502 inter
956 1446 1012 1501 has
1036 1446 1113 1500 duas
1134 1449 1244 1514 cogni·

166 1517 279 1574 tiones.
303 1521 378 1573 Nam
408 1517 446 1572 ad
467 1518 602 1587 primam
627 1519 835 1586 cognitionem
857 1518 899 1585 de,
929 1519 1032 1572 mente
1065 1517 1242 1572 habendam

168 1587 285 1644 sufficit
302 1590 371 1659 ipsa
386 1589 499 1644 mentis
520 1589 696 1657 praesentia,
713 1601 781 1656 quae
803 1591 850 1642 est
870 1589 1063 1658 principium
1083 1589 1184 1652 actus,
1201 1603 1243 1644 ex

167 1673 228 1727 quo
249 1674 335 1715 mens
350 1660 485 1742 percipit
498 1661 631 1730 seipsam
645 1677 652 1725 ;
668 1662 700 1714 et
714 1661 784 1715 ideo
802 1659 966 1742 diciturne-e
982 1673 1170 1728 cognoscere
1186 1675 1247 1729 per

167 1731 632 1882 tttssmututttil
646 1731 824 1871 satist
840 1731 1246 1883 statuttltlttit

167 1869 199 1927 et
213 1871 337 1928 subtilis
352 1873 526 1940 inquisitio.
542 1873 629 1928 Unde
644 1875 675 1928 et
692 1871 784 1927 multi
799 1874 944 1928 naturam
956 1873 1242 1942 animaeignorant,

167 1945 198 2000 et
214 1944 306 1998 multi
317 1945 412 1999 etiam
428 1944 510 1999 circa
524 1945 667 1999 naturam
684 1944 797 1999 animae
812 1945 1001 1998 erraverunt
1019 1944 1067 2012 (ll.

202 2051 268 2105 Huc
282 2050 376 2105 etiam
393 2050 514 2120 spectat
528 2051 588 2106 art.
604 2050 774 2119 3eJ‘usdem
791 2049 983 2118 quaestionis
999 2049 1204 2132 ubinlegitur:

202 2148 234 2202 ld
249 2147 330 2216 quod
345 2148 449 2216 primb
464 2148 663 2214 cognoscitur
676 2147 714 2202 ab
729 2147 892 2202 intellectu
908 2147 1056 2212 humana,
1069 2148 1118 2202 est
1130 2146 1243 2215 hujus·

167 2219 250 2274 modi
270 2219 425 2286 objectum
440 2219 571 2286 (scilicet
585 2220 701 2274 natura
716 2218 890 2274 materialis
909 2217 983 2287 rei);
1005 2219 1037 2273 et
1051 2219 1244 2274 secundaria

166 2291 366 2358 cognoscitur
380 2291 446 2360 ipse
461 2301 559 2354 actus,
575 2303 636 2358 quo
652 2290 852 2358 cognoscitur
864 2287 1040 2356 obJectum3
1066 2289 1098 2344 et
1112 2304 1170 2358 per
1185 2304 1243 2355 ac·v

165 2361 233 2415 tum
254 2362 454 2428 cognoscitur
478 2363 544 2430 ipse
565 2361 753 2425 intellectus,
777 2361 867 2429 cujus
892 2365 940 2414 est
960 2361 1112 2430 perlectio
1133 2361 1240 2429 ipsum

166 2432 352 2501 intelligere.
368 2431 406 2486 Et
419 2431 489 2486 ideo
504 2431 712 2502 Philosophus
727 2432 843 2502 dicit...
860 2431 941 2498 qudd
957 2429 1080 2498 objecta
1095 2442 1244 2500 praecog-

166 2505 340 2558 noscuniur
351 2503 482 2565 actibus,
500 2504 532 2557 et
545 2505 632 2558 actus
648 2503 814 2572 potentiis.

202 2627 264 2682 962.
274 2626 406 2681 Primae
420 2626 510 2682 ideae
524 2631 612 2682 sunt
630 2627 787 2682 maxime
801 2626 1001 2696 generales.
1013 2655 1047 2666 -
1062 2629 1109 2680 Ex
1124 2625 1244 2682 natura

165 2714 343 2769 intellectus
367 2716 510 2782 sequitur
533 2716 626 2769 etiam
652 2716 737 2770 ideas
757 2716 875 2786 primas
895 2729 962 2770 esse
989 2715 1127 2770 maxime
1143 2729 1242 2784 gene-

167 2804 259 2868 rales,
274 2803 327 2858 scd
347 2802 501 2858 confusas.
518 2805 594 2858 Nam
617 2805 694 2860 ideae
719 2805 818 2872 magis
843 2805 1003 2873 generales
1028 2803 1240 2872 comprehen-

166 2892 286 2946 duntur
300 2891 333 2945 in
354 2891 443 2956 aliis;
468 2893 560 2957 unde,
576 2906 625 2946 ax.
642 2906 689 2960 gr.
706 2893 776 2948 idea
795 2891 977 2948 substantiae
999 2892 1246 2961 comprehendit

166 2979 198 3034 et
212 2979 415 3048 subsequitur
430 2980 531 3034 ideam
547 2981 628 3034 entis
641 2997 647 3044 ;
664 2981 734 3036 idea
749 2981 899 3051 corporis,
916 2980 1017 3035 ideam
1034 2980 1239 3044 substantiae3

166 3068 236 3123 idea
250 3067 405 3133 animalis,
421 3068 522 3122 ideam
537 3069 693 3138 corporis;
710 3069 780 3124 idea
795 3069 943 3130 hominis,
960 3069 1061 3124 ideam
1077 3069 1239 3124 animalis.

65 3217 66 3221 Ἰ
165 3156 297 3211 Aliunde
312 3156 389 3211 ideae
405 3156 552 3211 clariores
569 3171 630 3210 non
645 3159 719 3212 sunt
733 3159 858 3226 primae3
875 3171 946 3211 nem
966 3157 1044 3212 ideas
1058 3157 1244 3213 clarescunt

165 3245 398 3315 comparatione
413 3251 443 3298 et
462 3245 672 3308 distinctione,
688 3247 880 3316 proindeque
895 3246 1029 3300 diversis
1046 3246 1170 3302 actibus
1185 3246 1241 3315 qui

167 3331 368 3388 reflexionem
384 3333 568 3402 important.

201 3421 342 3477 ceterum
355 3421 551 3490 experientia
559 3423 680 3476 constat
690 3437 805 3492 pueros
816 3437 878 3478 non
889 3437 995 3478 carcre
1007 3423 1087 3478 ideis
1100 3423 1244 3478 maxime

167 3510 381 3577 generalibus3
407 3523 479 3563 nam
503 3523 677 3564 sermonem
705 3511 888 3580 intelligunt
912 3514 943 3567 et
963 3512 1026 3582 ipsi
1049 3512 1241 3579 loquuntur,

166 3599 237 3652 elim
250 3600 356 3654 tamen
366 3597 503 3666 cognitio
514 3599 733 3653 intellectualis
749 3600 811 3668 qua.
823 3601 976 3656 fruuntur
985 3600 1088 3655 adhuc
1099 3601 1243 3657 maxime

167 3687 296 3742 confusa
310 3687 366 3743 est.

195 3807 230 3870 (1)
245 3809 281 3866 1³,
298 3823 326 3872 q.
345 3807 384 3866 aa,
402 3823 425 3858 a.
445 3807 467 3857 1.
