2828 4550
649 343 826 386 runooicun

623 581 751 640 CAPUT
765 583 851 641 LXV

283 747 322 788 DE
342 746 485 788 samnius
497 745 555 785 ‘nni
575 745 612 786 ET
633 745 801 786 SPECIA'HM
819 745 859 786 DE
878 745 949 786 EJUS
971 743 1192 786 PRAEsclsNTIA

241 911 317 967 1080.
348 910 536 966 attributa
563 909 629 966 Dei
654 909 814 966 moralia.
839 939 873 950 -
897 909 1059 966 Attribute
1087 908 1266 978 hujusmodi

201 1003 277 1056 sunt
289 1001 351 1056 illee
366 999 573 1070 perfectiones
585 999 698 1054 divinoe
714 1013 847 1066 querum
862 999 965 1068 imago
976 1013 1038 1054 non
1047 998 1114 1067 jem
1130 998 1162 1052 in
1177 996 1267 1053 rebus

203 1089 381 1152 mundonis,
393 1088 447 1144 sed
462 1089 493 1142 in
509 1087 614 1142 enimet
629 1087 776 1152 humane,
792 1087 956 1143 invenitur
973 1103 980 1142 :
997 1087 1042 1142 ite
1060 1087 1268 1156 intelligentia

201 1179 253 1234 vel
272 1178 413 1243 scientie,
430 1177 587 1241 voluntas,
609 1191 708 1242 amor,
726 1177 866 1246 justitia,
883 1177 1109 1241 misericordie,
1126 1178 1184 1231 etc.
1203 1177 1269 1252 Haeo

204 1268 308 1323 omnic
324 1281 391 1335 queo
414 1266 605 1322 conscientie
626 1266 914 1338 apprehenduntur,
934 1265 1101 1321 tribuenda
1116 1265 1191 1320 sunt
1211 1265 1268 1318 Deo

203 1356 377 1411 eminenter
392 1356 423 1411 et
437 1356 504 1410 sine
519 1356 630 1416 limite,
647 1356 716 1410 cnm
742 1357 821 1410 Deus
841 1355 883 1410 sit
898 1355 1038 1409 omnium
1063 1367 1159 1409 oense
1177 1354 1269 1409 abso-

202 1446 267 1500 lute
282 1445 386 1514 prima
398 1447 429 1500 et
443 1445 513 1500 ideo
528 1444 759 1499 transcendens,
772 1431 913 1498 Primum
929 1443 966 1498 de
981 1440 1272 1498 scientiit'diviniet

202 1535 365 1604 speciatim
382 1533 418 1588 de
437 1533 644 1604 praescientia,
662 1546 731 1601 quoe
747 1532 924 1588 libertatem
941 1532 1110 1588 humanam
1133 1545 1195 1588 non
1210 1530 1270 1587 tol-

203 1623 250 1686 lit,
268 1623 437 1679 statuimus
452 1623 615 1690 sequentia
631 1639 637 1676 :

238 1731 362 1786 Tnnsrs.
386 1759 421 1770 -
445 1727 505 1783 Dei
526 1726 659 1784 scientia
683 1730 728 1783 est
744 1729 883 1800 perfecta
903 1731 933 1784 et
953 1727 1101 1783 absoluta.
1124 1759 1159 1798 ε
1186 1726 1274 1790 Unde

203 1817 287 1873 Deus
301 1817 438 1890 seipsam
456 1815 608 1889 capnoscit
620 1817 755 1890 perfecte
769 1819 798 1872 et
819 1833 875 1890 per
889 1816 1048 1890 seipsnm;
1068 1817 1136 1888 ejus
1152 1813 1273 1878 inteili-¹

202 1905 309 1980 pentia
328 1909 373 1961 est
387 1905 521 1979 ipsamet
536 1905 713 1960 substantia
735 1905 855 1975 divina,
872 1922 936 1960 non
955 1903 1133 1961 ratiociniis
1153 1906 1275 1960 canstat

202 1997 231 2050 et
247 1997 291 2052 esi
306 2011 402 2050 cansa
414 2011 535 2058 rernm,
549 2011 612 2048 non
625 1997 732 2049 antem
748 2011 860 2055 earnm
875 1995 1013 2067 effectas.
1027 2027 1060 2035 -—
1074 1993 1161 2049 Unde
1176 1994 1275 2050 etiarn

202 2083 340 2140 scientiae
355 2083 469 2139 divinae
484 2083 635 2156 objectum
644 2081 822 2156 principale
836 2085 881 2138 est
895 2082 1030 2138 essentia
1044 2083 1166 2158 divina,¹
1180 2083 1277 2156 objec-

204 2176 272 2229 tnm
285 2175 392 2230 autem
407 2171 632 2228 secundariam
648 2177 692 2228 est
705 2171 855 2243 quidquid
870 2191 890 2227 a
901 2173 965 2228 Dea
980 2171 1197 2248 distinpnitnr.
1210 2172 1282 2246 Ita5

205 2280 261 2334 qne
274 2263 359 2318 Dens
374 2260 524 2336 capnoscit
539 2262 669 2316 omnia:
691 2277 797 2318 omnes
821 2279 871 2318 res
891 2261 1116 2334 particulares,
1137 2259 1278 2317 nihilum

204 2355 235 2431 et,
247 2352 379 2421 maium,
391 2351 500 2407 omnia
508 2349 679 2425 possibilia,
693 2350 836 2406 omniurn
847 2349 1096 2425 propositionum
1107 2350 1279 2406 ceritatem

204 2442 252 2497 vei
264 2439 451 2512 falsitatem,
468 2439 576 2495 omnia
589 2441 701 2510 satura
717 2441 829 2496 libera.
849 2471 883 2482 -
902 2439 988 2496 Unde
1003 2439 1131 2495 tandem
1144 2439 1280 2495 scientia

206 2529 316 2586 divina
341 2534 385 2586 est
403 2528 612 2584 immutabilis
637 2534 666 2584 et
686 2517 824 2584 absolate
844 2547 920 2594 ana,
943 2529 1013 2585 iicet
1036 2529 1281 2602 comprehendat

207 2620 378 2690 quamdam
393 2617 586 2690 infinitatem
604 2619 760 2682 idearum,
781 2617 846 2673 sive
861 2618 1080 2690 speculativae,
1097 2617 1163 2672 sive
1179 2635 1281 2692 prac-

207 2706 295 2772 ticae,
312 2723 378 2785 qnae
392 2709 466 2774 sunt
480 2707 546 2780 typi
559 2711 589 2765 et
599 2707 740 2785 ¹rationes
755 2723 880 2764 rernm.

246 2839 323 2895 lost.
340 2841 407 2896 Dei
428 2840 581 2896 scientia
595 2845 652 2896 est
672 2841 835 2911 perfecta
849 2845 886 2898 et
902 2841 1079 2896 absoluta.
1098 2872 1131 2882 —
1154 2841 1183 2894 lo
1201 2845 1280 2898 Nam

208 2933 289 2985 Deus
304 2930 352 2984 est
365 2931 475 2985 auctor
489 2931 630 2984 omnium
644 2931 776 2992 entium,
794 2945 861 2998 quae
882 2944 952 2984 cum
975 2929 1101 2986 infinite
1123 2930 1282 3000 sapientie

208 3018 333 3074 condite
352 3019 436 3084 sunt,
458 3033 577 3074 necnon
597 3018 694 3074 totius
716 3019 834 3084 mundi,
852 3020 904 3088 qui
925 3033 996 3073 cum
1015 3017 1140 3074 infiniti
1159 3020 1282 3088 sapien:

209 3107 255 3163 tie
269 3107 473 3178 gubernetur.
489 3110 550 3164 Nec
565 3108 637 3163 licet
652 3108 787 3176 objicere
802 3123 858 3178 per
868 3109 1057 3164 creationem
1072 3108 1181 3163 mundi
1197 3107 1282 3165 finiti

209 3198 419 3253 demonstrari
438 3198 563 3253 tentum
588 3197 751 3252 scientiam
772 3196 904 3252 finitam.
927 3199 1004 3252 Nem
1023 3197 1189 3252 scientiam
1205 3198 1283 3254 fini-

208 3287 273 3342 tem
306 3285 433 3358 oportet
463 3286 612 3342 reducere
641 3285 753 3341 ultimo
787 3286 825 3342 ad
853 3286 990 3354 aliquem
1020 3286 1184 3341 scientiam
1213 3285 1283 3341 infi-

209 3375 317 3431 nitem.

244 3475 276 3527 20
292 3475 375 3529 Hanc
388 3473 551 3530 scientiam
567 3473 706 3543 postulat
717 3473 869 3544 perfectio
885 3473 1003 3537 divine,
1017 3473 1197 3543 praesertim
1209 3475 1281 3529 oum

210 3562 342 3618 scientia
360 3562 402 3618 sit
415 3563 519 3632 aliquo
534 3562 625 3618 modo
640 3563 743 3633 prime
757 3563 841 3617 inter
855 3577 962 3618 omnes
976 3561 1196 3632 perfectiones,
1213 3549 1282 3632 qu³ae

208 3650 247 3706 ab
266 3639 322 3706 ino
336 3652 577 3718 mensurantem
600 3664 672 3705 nem
696 3651 854 3716 voluntas,
878 3665 977 3716 emor,
999 3650 1127 3720 just‘tie
1146 3651 1283 3721 eliaeque

176 3797 177 3804 χ
212 3739 417 3810 perfectiones
432 3739 596 3796 scientiam
612 3738 753 3796 obsolute
768 3739 917 3795 excedere
935 3753 997 3794 non
1013 3740 1157 3810 possunt.
