2910 4568
447 424 546 465 carus
561 424 615 464 ιιι.
632 439 664 449 -
680 421 728 464 Nos
743 410 805 474 868,
822 408 884 464 869.
1164 405 1199 460 75

138 536 215 591 dixit
251 538 406 589 Averroes
444 535 489 602 (no
512 535 588 602 772).
611 563 644 574 -
672 535 766 598 Quam
788 532 962 588 doctrinam
993 532 1038 587 sic
1071 531 1200 600 exponit

135 627 164 680 S.
182 624 262 678 nh:

169 731 348 786 intellectus
364 743 469 798 agens,
485 730 522 785 de
544 744 605 798 quo
619 728 827 800 Philosophus
846 730 997 797 loquitur,
1020 729 1068 784 est
1082 728 1199 796 aliquid

139 803 261 858 animae.
275 801 321 858 Ad
336 801 426 870 anus
448 801 638 856 evidentiam
654 801 914 858 considerandum
930 803 979 856 est
999 799 1081 868 qudd
1104 799 1201 870 supra

139 874 272 928 animam
289 872 515 928 intellectivam
538 873 707 927 humanam
723 886 848 928 necesse
862 875 911 927 est
931 885 1045 940 ponere
1064 871 1199 939 aliquem

141 945 330 1014 superiorem
349 944 589 1011 intellectum‚a
614 957 674 1012 quo
703 944 808 998 anima
827 943 977 998 virtutem
1005 943 1200 1011 intelligendi

137 1015 281 1072 obtineat.
306 1017 434 1084 Semper
452 1015 535 1069 enim
551 1015 634 1082 quod
654 1013 825 1085 participat
845 1014 974 1082 aliquid,
999 1014 1031 1068 et
1052 1013 1133 1082 quod
1153 1015 1201 1069 est

137 1087 256 1149 mobile,
272 1086 306 1142 et
324 1087 406 1155 quod
426 1086 474 1141 est
494 1085 727 1156 imperfectum,
749 1086 916 1156 praeexigit
935 1086 1007 1140 ante
1031 1099 1063 1139 se
1082 1085 1201 1152 aliquid

137 1158 214 1226 quod
228 1160 279 1213 est
292 1173 350 1228 per
372 1157 539 1212 essentiam
561 1171 650 1212 suam
675 1157 748 1223 tale,
764 1159 796 1212 et
811 1157 892 1224 qnod
920 1156 969 1212 est
991 1155 1151 1211 immobile
1170 1157 1203 1212 et

136 1230 319 1300 perlectum.
353 1229 465 1282 Anima
483 1231 588 1283 autem
618 1229 755 1283 humana
779 1227 973 1283 intellectiva
1000 1227 1118 1281 dicitur
1144 1243 1202 1297 per

134 1300 403 1371 participationem
416 1300 638 1355 intellectualis
652 1299 795 1354 virtutis.
811 1300 906 1368 (iuius
922 1299 1045 1366 signum
1057 1299 1105 1354 est
1119 1292 1201 1365 quod

136 1386 194 1426 non
207 1375 275 1428 tota
300 1374 349 1427 est
369 1371 574 1435 intellectiva,
591 1371 629 1426 ad
653 1370 825 1426 secundum
850 1371 985 1439 aliquam
1001 1369 1051 1424 sui
1066 1371 1199 1438 partem.

136 1443 290 1513 Pertingit
305 1443 399 1498 etiam
416 1443 453 1496 ad
469 1443 709 1511 intelligentiam
724 1441 869 1496 veritatis
892 1455 962 1496 oum
978 1440 1111 1507 quodam
1134 1440 1200 1495 dis·

135 1529 224 1570 cursu
247 1515 280 1569 et
306 1515 394 1569 motu
415 1515 584 1583 arguendo.
603 1513 700 1568 Habet
722 1514 817 1568 etiam
837 1512 1054 1582 imperfectam
1083 1512 1201 1566 inlelli-

135 1587 281 1653 gentiam,
310 1588 376 1640 tum
396 1585 552 1650 quianon
577 1586 683 1640 omnia
712 1584 872 1652 intelligit,
897 1587 966 1636 tum
993 1584 1067 1650 quia
1093 1583 1126 1636 in
1152 1584 1200 1638 his

138 1671 201 1725 quae
225 1656 389 1724 intelligit,
410 1655 447 1710 de
468 1655 610 1726 potentia
630 1656 773 1726 procedit
792 1657 830 1708 ad
853 1657 968 1710 actum.
984 1654 1114 1723 Oportet
1126 1669 1200 1722 ergo

138 1742 201 1782 esse
229 1727 368 1796 aliquem
394 1726 538 1782 altiorem
560 1727 767 1790 intellectum,
789 1740 849 1792 quo
872 1727 979 1780 anima
1000 1725 1135 1794 juvetur
1162 1725 1200 1779 ad

138 1797 388 1867 intelligendum.
418 1799 594 1853 Posuerunt
621 1812 696 1866 ergo
724 1797 851 1866 quidam
880 1797 962 1851 hunc
992 1795 1199 1860 intellectum,

137 1871 306 1926 secundum
323 1869 529 1924 substantiam
546 1876 736 1938 separatum,
757 1883 824 1924 esse
836 1869 1028 1924 intellectum
1045 1868 1200 1936 agentem,

136 1941 184 2004 qui
199 1942 290 2009 quasi
306 1940 493 1996 illustrando
509 1941 729 2009 phantasmata
742 1939 818 1994 iacit
832 1953 868 1994 ea
886 1939 1097 2008 intelligibilia
1118 1940 1200 1993 actu.

136 2012 188 2066 Sed
203 2013 278 2067 dato
300 2011 381 2080 qudd
397 2013 439 2065 sit
462 2012 575 2080 aliquis
597 2011 670 2066 talis
691 2011 869 2066 intellectus
902 2025 996 2079 agens
1026 2011 1200 2078 separatus

137 2083 341 2138 nihilominus
369 2085 474 2137 tamen
502 2083 628 2152 oportet
651 2095 765 2149 ponere
794 2083 826 2136 in
846 2081 916 2152 ipsa
938 2081 1044 2136 anima
1065 2081 1203 2134 humana

135 2153 266 2222 aliquam
286 2153 438 2208 virtutem
454 2154 491 2207 ab
502 2152 556 2208 illo
567 2153 745 2208 intecllectu
761 2153 955 2222 superiorem
969 2152 1200 2222 participatam.

137 2239 190 2293 per
207 2239 305 2292 quam
318 2225 423 2278 anima
441 2224 517 2278 facit
532 2225 744 2292 intelligibilia
757 2225 790 2278 in
805 2227 896 2288 actu;
922 2224 1004 2279 sicut
1023 2224 1055 2278 et
1076 2223 1108 2277 in
1130 2223 1201 2277 aliis

138 2296 224 2350 rebus
241 2296 443 2350 naturalibus
456 2295 611 2365 perfectis,
622 2298 736 2364 praeter
744 2295 940 2350 universales
953 2308 1062 2350 causas
1074 2297 1202 2361 agentes

137 2369 207 2422 sunt
220 2367 504 2437 propriaevirtutes
519 2367 626 2421 inditae
642 2367 776 2436 singulis
790 2365 884 2421 rebus
902 2365 1059 2434 perlectis.
1081 2365 1119 2419 ab
1135 2365 1203 2418 uni-

137 2439 311 2493 versalibus
326 2438 491 2506 agentibus
507 2439 692 2494 derivatae...
708 2437 794 2492 Unde
810 2437 935 2506 oportet
949 2437 1052 2491 dicere
1071 2435 1153 2502 quod
1169 2436 1202 2489 in

136 2507 199 2576 ipsa
218 2507 341 2573 (anima
363 2509 510 2578 humana)
527 2510 569 2564 sit
583 2509 688 2577 aliqua
702 2509 806 2563 virtus
834 2507 976 2562 derivata
1001 2522 1020 2562 a
1045 2506 1201 2577 superiori

135 2578 306 2637 intellectu.
327 2593 385 2648 per
403 2595 510 2662 quam·
537 2581 637 2650 possit
659 2580 880 2662 phantasmata
907 2577 1079 2634 illustrare.
1092 2579 1130 2633 ut
1145 2576 1202 2632 hoc

136 2649 1203 2790 illituillldltlltillalll.alsiumlltlltlilili

135 2793 179 2848 cst
206 2794 312 2850 facere
336 2795 408 2848 actu
437 2793 660 2862 intelligibilia.
702 2793 794 2848 Nulla
815 2793 920 2848 autem
947 2793 1029 2849 actio
1055 2793 1204 2848 convenit

137 2863 226 2920 alicui
237 2865 288 2921 rei
297 2864 357 2919 nisi
368 2879 423 2934 per
436 2865 560 2932 aliquod
572 2865 762 2936 principium
776 2864 954 2918 formaliter
967 2864 995 2918 ei
1010 2864 1166 2918 inhaerens
1182 2903 1201 2916 ..

136 2936 211 3004 Ergo
231 2937 361 3006 oportet
387 2937 540 2991 virtutem
570 2950 639 3004 quae
664 2937 712 2991 est
734 2934 925 3006 principium
950 2935 1047 3002 hujus
1071 2934 1203 2990 actionis

137 3019 200 3062 esse
218 3007 339 3076 aliquid
354 3007 540 3062 inanima...
555 3007 595 3078 (l)

169 3131 285 3186 Deinde
304 3131 442 3187 ostendit
466 3131 660 3187 intellectum
685 3134 829 3200 agentem
859 3144 920 3186 non
946 3144 1013 3185 esse
1044 3143 1141 3185 unum
1170 3131 1203 3183 in

140 3221 283 3276 omnibus
297 3221 476 3276 hominibus
493 3238 499 3272 :

170 3328 199 3382 Si
214 3327 397 3382 intellectus
409 3341 505 3396 agens
520 3339 582 3382 non
598 3327 681 3382 esset
690 3327 808 3396 aliquid
819 3327 943 3388 animm,
959 3326 1013 3382 sed
1028 3325 1110 3381 esset
1123 3339 1204 3392 quae-

126 3396 203 3453 -dam
215 3398 395 3454 substantia
409 3401 564 3468 separata,
576 3412 658 3452 unus
670 3401 752 3453 esset
761 3397 940 3453 intellectus
955 3411 1049 3464 agens
1062 3397 1203 3451 omnium

138 3467 319 3530 hominum;
336 3472 368 3523 et
381 3469 439 3524 hoc
455 3470 637 3538 intelligunt
652 3469 704 3536 qui
719 3469 841 3537 ponunt
856 3469 1009 3523 unitatem
1024 3467 1204 3522 intellectus

139 3541 267 3607 agentis.
283 3541 314 3595 Si
330 3542 433 3594 autem
446 3541 626 3595 intellectus
642 3553 736 3608 agens
747 3541 789 3594 sit
803 3539 920 3608 aliquid
936 3540 1059 3600 animae,
1072 3540 1108 3593 ut
1122 3553 1203 3606 quae·

140 3609 205 3665 dam
221 3611 324 3667 virtus
332 3611 441 3680 ipsius.
458 3626 583 3666 necesse
598 3611 647 3666 est
660 3612 763 3665 dicere
776 3611 857 3678 quod
873 3609 937 3666 sint
950 3611 1057 3678 plures
1067 3610 1205 3666 intellec-

138 3681 187 3736 tus
209 3683 349 3751 agentes,
370 3684 541 3738 secundum
562 3681 776 3751 pluralitatem
799 3681 1072 3750 animarumque
1093 3681 1206 3736 multi-

166 3839 199 3900 tu
216 3841 254 3901 ιε,
270 3855 297 3904 q.
315 3841 354 3897 te,
373 3856 398 3890 a.
417 3841 443 3889 l.

1320 4220 1322 4223 -
1421 4177 1425 4248 l
