2790 4546
321 389 422 431 onrur
436 389 522 431 nxxr.
537 405 573 414 -
587 385 636 430 uo·
654 373 732 443 1188,
751 373 828 439 1189,
847 372 924 430 1190.
1104 373 1157 427 217

108 497 270 554 existimant
284 499 404 554 tutiora
419 514 485 555 esse
500 514 625 570 semper
639 499 805 568 sequenda,
821 513 857 553 ao
870 498 1002 570 proinde
1021 511 1156 568 praecep·

106 588 161 642 tum
178 602 256 643 mere
267 587 426 658 probabile
440 603 564 659 semper
578 589 730 656 obligare.

92 743 95 754 ¹
134 677 183 731 Sed
199 677 276 732 lorte
298 677 455 732 sententia
472 678 576 732 verior
590 680 637 733 est
651 692 760 732 eorum
785 678 838 744 uui
858 677 973 748 putant
995 675 1154 730 hominem

104 765 191 820 teneri
205 765 241 820 ad
257 766 447 834 sequendum
467 767 556 822 modb
579 767 728 822 tutiorem
746 773 878 837 partem,
902 765 991 821 modo
1006 764 1157 835 probabi-

15 849 16 862 ,
105 853 201 909 liorem
221 855 423 919 solummodo,
442 855 491 910 vel
505 857 600 910 etiam
625 870 708 911 mere
727 855 930 926 probabilem,
955 861 991 910 ut
1005 853 1066 908 lert
1085 867 1158 924 pru·

106 941 194 998 dentiu
210 959 262 999 seu
279 945 372 1008 ratio,
389 959 457 1011 onae
472 945 633 1001 attendere
649 945 740 1002 debet
758 945 797 1001 ad
818 953 964 1000 naturam
979 943 1067 1012 legis,
1082 956 1156 1013 per·

14 1071 16 1116 J
106 1045 184 1086 eonas
198 1036 227 1088 et
241 1033 503 1090 circumstantias.

134 1165 203 1220 1189.
221 1167 417 1224 conclusio.
428 1198 461 1210 -
473 1170 517 1224 Ex
531 1167 676 1224 omnibus
691 1169 783 1224 dietis
798 1168 988 1237 intelligitur
1003 1163 1156 1235 quomodo

104 1251 134 1308 lt
145 1256 310 1326 saepissime
326 1258 361 1312 ut
376 1256 468 1312 homo
483 1263 633 1326 operetur
647 1259 759 1312 bonum
773 1257 978 1312 materialiter
993 1259 1024 1312 et
1040 1253 1156 1309 malum

13 1395 15 1402 „
103 1340 273 1409 formaliter,
291 1345 340 1400 vel
362 1359 559 1402 econverso.
581 1349 725 1400 Attamen
749 1345 954 1401 contradictio
975 1341 1157 1414 hujusmodi

13 1429 15 1434 ’
103 1431 389 1489 interintenlionem
406 1441 438 1489 et
452 1439 551 1500 aetus,
568 1435 651 1490 inter
674 1435 896 1490 conscientiam
921 1435 952 1489 et
967 1446 1072 1504 opera,
1095 1444 1157 1486 non

103 1522 143 1574 est
157 1521 210 1576 nisi
225 1537 283 1592 per
296 1524 454 1579 aecidenS.

134 1653 207 1710 1190.
238 1657 397 1712 Actutum
429 1658 669 1714 humanorum
698 1657 887 1713 moralitas
918 1671 984 1713 seu
1016 1655 1156 1726 speeies

14 1775 15 1778 =
103 1745 234 1800 moratis
252 1745 371 1801 oritur
393 1761 438 1801 ex
461 1747 609 1816 oblecto,
632 1761 677 1802 ex
700 1746 988 1802 circumstantiis,
1007 1753 1045 1800 et
1067 1757 1155 1814 prae·

14 1894 15 1898 η
102 1837 213 1889 sertim
231 1850 275 1889 ex
290 1839 502 1892 intentione.
515 1866 548 1876 -
577 1839 645 1892 Haeo
664 1839 739 1891 sunt
762 1837 918 1908 principia
943 1850 1011 1903 quae
1034 1835 1156 1889 actibus

14 1953 15 1962 η
104 1916 231 1976 lotitans
263 1923 472 1979 moralitatem
502 1925 691 1994 impertiunt
719 1925 850 1994 ideoque
876 1939 928 1980 eos
957 1921 1156 1993 specificant;

105 2008 173 2064 unde
189 2011 225 2065 etl
244 2011 309 2066 beeo
323 2013 485 2068 attendere
507 2014 598 2068 debet
622 2014 703 2068 ratio
723 2014 863 2084 practica
885 2015 952 2069 sive
967 2011 1158 2067 conscientia

103 2098 132 2153 nt
143 2100 305 2154 secundnm
320 2102 487 2156 veritatem
504 2103 635 2170 judicet.

128 2187 222 2242 Primo
238 2189 362 2256 quidem
383 2196 472 2245 aetus
502 2191 630 2246 bomani
650 2191 870 2262 specificantur
892 2191 1026 2260 objecto.
1053 2189 1157 2258 Objeo·

100 2272 156 2328 tum
170 2279 251 2332 enim
266 2280 314 2334 est
335 2293 397 2334 non
417 2280 518 2334 solum
544 2282 734 2352 principium
755 2281 898 2344 aetiouie,
915 2281 1078 2336 sed-etiam
1095 2279 1156 2332 ter·

14 2407 15 2414 ,
102 2363 208 2428 minum
237 2367 318 2422 unde
347 2367 433 2422 illam
457 2369 545 2436 quasi
574 2368 726 2425 informat
751 2375 784 2424 et
811 2372 983 2424 mensurat.
1013 2368 1059 2423 Ad
1088 2381 1154 2422 rem

14 2471 15 2516 ;
103 2448 126 2506 S.
140 2453 189 2507 Th.
204 2470 211 2509 :

14 2517 15 2558 Ῑ
130 2551 206 2606 Siout
230 2567 279 2608 res
301 2555 456 2609 naturalis
476 2555 567 2610 habet
582 2555 715 2625 speeiem
736 2570 774 2611 ex
793 2555 850 2611 sua
874 2554 985 2618 forma,
1011 2555 1055 2610 ita
1074 2553 1155 2608 aetio

14 2611 15 2623 ¹
101 2617 180 2699 hebet
193 2625 326 2693 speciem
343 2639 381 2680 ex
397 2627 529 2694 objecto,
550 2627 631 2682 siout
646 2635 676 2682 et
694 2638 794 2682 inotus
810 2641 848 2681 ex
868 2628 1013 2681 termino.
1031 2627 1066 2680 ut
1086 2625 1155 2679 ideo

101 2702 171 2745 sicut
189 2696 289 2762 prime
314 2696 435 2751 bonitas
461 2697 504 2751 rei
528 2699 680 2752 naturalis
704 2699 880 2752 attenlitur
903 2713 941 2752 ex
964 2697 1022 2751 sua
1045 2694 1155 2757 torma,

13 2789 14 2824 ᾗ
101 2773 158 2826 uuae
172 2763 223 2819 dat
235 2767 370 2835 speeiem
387 2768 425 2826 ei,
442 2768 487 2822 ila
504 2781 534 2822 et
550 2769 652 2838 prima
669 2770 786 2824 bonitas
812 2769 898 2823 aetus
916 2769 1042 2822 moralis
1057 2776 1157 2821 atten-

13 2845 14 2897 j
101 2830 175 2888 ditur
188 2851 225 2890 ex
244 2838 366 2903 obiecto
386 2840 602 2904 couvenienti;
631 2841 758 2896 undeet
776 2855 795 2895 a
821 2840 1009 2908 quibusdam
1027 2846 1156 2894 vocatur

13 2903 14 2915 ³
102 2901 201 2960 bonnm
217 2922 393 2977 exgenere,
414 2910 492 2980 pute
508 2911 554 2966 uti
570 2926 603 2966 re
623 2911 680 2965 sna
695 2910 744 2980 (Li.

129 3029 234 3087 Deinde
253 3031 444 3100 jndicandus
468 3035 516 3090 est
537 3035 624 3090 aetus
649 3033 805 3089 humanus
825 3049 864 3088 ex
889 3034 1154 3096 circumstantum

100 3129 161 3173 nam
181 3123 403 3188 ingrediuntur
426 3125 581 3186 objectum
605 3127 661 3180 aut
684 3125 794 3180 saltem
817 3124 957 3180 afficiunt
979 3126 1067 3194 quasi
1087 3123 1156 3192 ejus

99 3208 266 3266 accidentia.
284 3212 371 3276 Quod
386 3213 431 3268 sio
445 3214 583 3284 explicat
597 3215 624 3267 S.
641 3213 717 3268 Tin:

128 3315 156 3369 ln
176 3318 264 3374 rebus
288 3320 484 3374 naturalibus
505 3335 566 3374 non
590 3320 831 3376 inveniturtota
854 3321 1016 3391 plenitudo
1041 3319 1156 3388 perfee-

100 3383 182 3442 tionis
206 3404 273 3457 quee
293 3389 424 3445 debetur
445 3391 490 3444 eis
514 3406 553 3445 ex
580 3391 681 3445 torota
700 3391 897 3446 adhaerenti
921 3407 988 3456 oure
1012 3393 1065 3446 dat
1090 3405 1157 3462 spe·

99 3453 176 3520 ciem,
188 3461 239 3514 sed
253 3461 386 3515 multum
401 3461 624 3529 superadditur
645 3476 685 3516 ex
703 3464 996 3532 supervenientibus
1015 3463 1156 3517 eoolden·

99 3525 187 3586 libne:
208 3532 289 3586 siout
309 3534 341 3586 in
365 3532 488 3588 bomine
504 3547 542 3588 ex
567 3533 678 3600 ligura,
701 3536 871 3588 excolere.
893 3539 924 3587 et
943 3535 988 3588 eie
1011 3535 1048 3587 de
1063 3535 1155 3588 aliis:

99 3608 219 3662 quorum
234 3603 260 3657 si
275 3602 394 3670 aliquid
410 3604 491 3660 desit
505 3605 543 3659 ad
560 3604 719 3660 decentem
743 3603 968 3667 habitudinem,
991 3605 1158 3674 consequi-

126 3787 443 3857 mamaeae
