2910 4568
326 419 425 459 carun
440 420 523 461 xnv1.
540 437 574 446 -
590 417 638 461 u⁰⁸
653 408 716 471 780,
732 407 796 470 781,
812 407 875 470 782,
891 408 954 470 783,
970 405 1032 461 781.
1181 407 1217 461 39

137 525 187 580 lte
203 523 432 584 concordarent
446 530 507 587 duo
518 531 681 602 horologia
695 545 764 601 quae
778 530 915 602 perlecta
930 531 962 586 et
976 528 1132 586 similibus
1149 543 1216 586 mo-

137 614 228 670 tibus
244 618 368 672 easdem
385 618 478 675 horas
491 619 676 676 indicarent.

176 733 211 745 -
227 706 285 761 Sed
311 707 376 762 haec
400 707 582 778 hypothesis
607 709 785 766 libertatem
810 709 947 779 perimit.
972 707 1106 764 includit
1131 707 1215 763 enim

137 793 427 861 determinismum,
456 797 489 852 vi
514 798 605 867 cuius
630 812 737 854 omnes
758 798 963 868 cogitationes
991 798 1024 853 et
1046 796 1215 853 volitiones

137 881 279 939 fluerent
291 883 360 940 aliae
375 900 414 940 ex
429 886 500 940 aliis
515 888 700 943 necessario.
715 888 830 942 Deinde
846 887 912 942 haec
926 886 1108 956 hypothesis
1123 899 1215 954 repu-

137 973 218 1040 gnat
241 975 446 1042 experientiae
468 975 500 1030 et
521 976 627 1031 sensui
643 977 813 1041 communi,
834 989 902 1045 quae
921 975 1082 1030 testantur
1101 988 1214 1046 corpus

119 1054 306 1116 ‘voluntate
327 1063 456 1118 moveri.
487 1063 572 1119 Licet
600 1065 683 1120 enim
713 1064 854 1132 quaedam
889 1064 1082 1120 conditiones
1108 1064 1214 1132 requi·

137 1149 300 1205 11111111
316 1153 443 1220 organis
462 1154 499 1208 11
512 1153 670 1209 voluntati
685 1153 841 1218 obediant,
855 1155 960 1209 tamen
980 1153 1134 1208 sentimus
1150 1166 1213 1208 mo-

136 1240 209 1295 veri
230 1253 345 1309 corpus
364 1241 503 1311 impulsu
518 1242 692 1298 voluntatis
708 1243 857 1311 tanquam
875 1257 893 1296 a
913 1241 1007 1297 causd
1021 1241 1187 1312 principali
1205 1245 1213 1294 1

136 1327 185 1384 111
201 1329 381 1394 scribimus,
393 1331 537 1401 legimus,
548 1331 710 1400 loquimur
723 1345 784 1386 non
801 1332 902 1387 solum
917 1331 990 1400 quia
1005 1345 1123 1400 organa
1138 1331 1213 1387 sunt

135 1420 214 1488 apta
234 1418 273 1473 ad
298 1418 474 1488 legendum,
499 1421 570 1483 etc,
596 1420 648 1476 sed
668 1420 845 1492 praesertim
871 1421 902 1475 et
925 1420 1029 1491 primo
1056 1419 1130 1488 quia
1153 1433 1213 1475 vo-

135 1506 257 1562 lumus.

171 1642 229 1696 783
257 1643 480 1713 Hypothesis
502 1644 713 1701 mediatoris
736 1645 892 1716 plaatlci.
909 1673 943 1685 -
958 1645 990 1699 3⁰
1003 1645 1133 1700 Nomine
1151 1659 1213 1700 me-

134 1731 273 1786 diatoris
290 1731 412 1800 plastici
428 1747 483 1788 seu
498 1735 620 1789 naturae
630 1733 768 1804 plasticae
779 1735 867 1790 venit
879 1734 1021 1802 quaedam
1037 1733 1213 1788 substantia

135 1820 277 1890 simplex
298 1823 329 1876 et
353 1822 466 1888 activa,
483 1823 567 1878 omni
583 1823 760 1892 cognitione
775 1823 936 1886 destituta,
958 1821 1019 1891 qua
1043 1822 1210 1888 mediante,

134 1910 247 1964 anima
269 1924 382 1979 corpus
403 1912 578 1981 possideret
601 1913 633 1967 et
647 1927 762 1982 corpus
781 1913 813 1967 in
837 1912 975 1968 animam
1000 1910 1158 1968 influeret.
1186 1914 1211 1966 A

133 1998 302 2054 nonnullis
324 2001 417 2054 etiam
443 2001 530 2057 visus
552 2003 600 2057 est
624 2002 675 2057 hic
704 2002 858 2057 mediator
883 2002 1033 2073 plastious
1061 2001 1210 2069 tanquam

133 2088 280 2158 primum
303 2089 492 2158 principium
507 2091 583 2147 vitae
607 2091 772 2161 organicae.
789 2091 876 2146 Unde
898 2091 963 2146 haec
987 2088 1170 2160 hypothesis
1194 2105 1212 2144 a

133 2177 302 2232 vitalismo
313 2177 380 2246 iem
395 2193 458 2234 non
469 2179 620 2235 differret.

174 2295 211 2307 -
235 2267 292 2322 Sed
317 2267 450 2336 utraque
476 2267 660 2340 hypothesis
684 2269 794 2325 iisdem
819 2267 995 2324 rationibus
1017 2265 1209 2322 confutatur.

134 2358 229 2420 Nam,
252 2355 278 2410 si
293 2355 506 2412 admittuntur
524 2357 557 2412 in
575 2358 702 2414 homine
717 2358 811 2428 plura
829 2358 933 2427 prima
952 2355 1108 2426 principie
1122 2355 1209 2419 vitae,

131 2445 205 2514 jnm
221 2445 349 2501 tollitur
362 2447 468 2502 unitas
484 2446 700 2503 substantialis
713 2447 871 2503 individui
885 2444 1026 2508 humani,
1038 2446 1075 2499 ut
1089 2444 1208 2500 dictum

134 2537 198 2590 111.
786 2545 794 2556 ·

172 2624 331 2688 Ceterum,
346 2625 384 2680 ad
400 2625 615 2697 explicandam
632 2626 780 2682 unionem
796 2625 908 2680 animae
924 2637 994 2680 cum
1011 2635 1141 2692 corpore
1159 2621 1210 2676 hic

134 2712 296 2768 mediator
310 2714 460 2784 plasticus
475 2716 523 2771 est
538 2714 649 2770 saltem
664 2713 797 2769 inutilis.
814 2713 935 2768 Etenim
951 2713 1001 2767 111
1020 2713 1068 2767 111
1091 2710 1210 2780 aliquid

135 2800 315 2866 materiale,
337 2803 389 2858 vel
409 2803 528 2872 aliquid
552 2803 727 2874 spirituale.
755 2803 786 2858 Si
812 2803 962 2872 primum,
986 2814 1048 2856 non
1074 2800 1211 2870 explicat

134 2890 290 2946 unionem
306 2906 345 2946 ex
358 2892 449 2962 parte
465 2892 578 2948 animae
594 2893 624 2948 et
634 2893 683 2948 est
693 2891 887 2963 superfluum
904 2892 1040 2961 exparte
1056 2889 1207 2960 corporis.

135 2980 169 3035 Si
187 2980 369 3046 secundum,
387 2995 448 3037 non
464 2982 600 3052 explicat
615 2981 762 3036 unionem
778 2995 817 3035 ex
836 2979 926 3050 parte
946 2977 1097 3049 corporis,
1114 2980 1146 3034 et
1160 2979 1208 3032 est

100 3087 105 3096 ·
135 3068 336 3141 superfluum
352 3085 391 3125 ex
406 3072 496 3141 parte
509 3071 635 3126 animae.
655 3072 777 3125 Revera
791 3070 859 3124 dari
875 3083 936 3124 non
951 3069 1056 3138 potest
1072 3069 1208 3124 medium

132 3160 225 3214 inter
239 3173 351 3230 eorpus
364 3160 396 3214 et
410 3159 559 3225 animam,
575 3161 659 3215 inter
670 3159 834 3214 materiam
849 3159 880 3213 et
894 3157 1028 3213 formam
1045 3157 1094 3228 (1).

174 3293 240 3349 781.
263 3292 487 3364 Hypothesis
507 3293 670 3350 influxus
689 3292 847 3364 physici.
871 3322 904 3332 -
925 3295 955 3346 4⁰
974 3292 1090 3356 Quarta
1114 3290 1211 3361 hypo·

133 3381 248 3445 thesis,
261 3382 380 3437 scilicet
393 3381 532 3438 1111111111
547 3381 679 3454 physici,
696 3381 813 3452 duplici
829 3381 920 3436 modo
935 3379 1069 3448 intelligi
1084 3380 1210 3450 potest:

131 3471 187 3528 vel
205 3473 363 3540 quatenus
378 3471 459 3527 actio
473 3471 586 3526 animae
605 3471 638 3525 in
653 3485 766 3540 corpus
791 3471 822 3525 et
843 3470 924 3526 aetio
940 3468 1080 3540 eorporis
1095 3467 1128 3522 in
1143 3468 1208 3523 ani-

131 3575 218 3617 mam
235 3559 467 3616 constituerent
481 3560 580 3630 ipsam
597 3560 745 3616 unionem
770 3559 882 3614 animae
904 3559 937 3614 11
950 3557 1108 3626 corporis3
1125 3557 1207 3613 unde

128 3651 199 3707 haec
215 3649 291 3706 unio
313 3650 398 3704 esset
413 3661 498 3704 mere
511 3648 730 3714 accidentalis;
747 3679 781 3687 -
797 3648 847 3703 111
863 3648 1015 3714 quatenus
1031 3646 1211 3702 111111111-

160 3829 195 3888 11)
215 3828 254 3879 cf.
270 3827 297 3877 1.
314 3825 377 3888 11,
393 3826 432 3880 1³,
447 3841 473 3891 q.
489 3825 531 3886 ra,
549 3842 572 3876 a.
589 3825 612 3874 r.
