2910 4568
27 9 467 180 w

225 467 322 510 curor
338 467 448 510 xuvrn.
458 483 492 496 -
507 459 553 510 ΝΜ
568 453 701 521 805,806‚
709 453 772 518 807,
779 451 1054 518 808,809,810,8ll.
1140 454 1172 509 51

113 580 196 634 color
213 579 250 633 ad
267 592 378 634 sonum
403 579 511 636 reduci
531 593 594 634 nou
621 579 733 648 potest,
760 591 859 648 neque
891 578 930 634 ad
954 578 1104 636 duritiem
1119 581 1174 636 aut

114 666 282 732 mollitiem,
298 681 398 736 neque
413 667 452 722 ad
466 679 622 736 saporem,
638 668 709 730 etc,
730 667 791 722 nisi
807 667 1029 738 metaphorice,
1045 669 1176 739 propter

113 756 272 824 quamdam
293 757 469 825 analogiam
486 757 532 825 ll).
550 756 635 811 Inter
657 769 764 812 omnes
788 769 898 812 sensus
917 756 1065 812 externos
1088 756 1177 812 visus

113 846 157 900 est
171 845 340 916 perfectior
360 848 391 900 et
410 844 620 908 communior,
640 844 677 900 ut
695 845 842 901 observat
856 845 884 900 S.
899 844 972 910 Th.;
997 845 1070 916 post
1093 845 1177 901 hunc

111 933 243 999 auditus,
257 933 369 990 deinde
383 934 529 990 olfactus.

147 1067 211 1122 809.
234 1068 286 1124 De
298 1065 456 1142 quadam
469 1065 688 1138 praestantia
701 1065 835 1122 tactus.
851 1096 884 1107 -
899 1065 985 1123 Licet
1008 1067 1111 1123 tactus
1135 1066 1178 1123 sit

115 1156 246 1212 maxime
263 1157 435 1214 materialis
457 1157 542 1212 inter
562 1171 669 1212 omnes
693 1170 813 1220 sensus,
832 1157 939 1212 tamen
959 1155 1063 1226 aliqua
1081 1169 1177 1226 praes·

114 1245 210 1300 tantia
227 1259 289 1300 nou
305 1245 499 1302 destituitur.
517 1245 649 1310 Etenim,
679 1247 716 1300 ut
739 1243 806 1313 Jam
830 1244 980 1310 diximus,
1006 1245 1109 1301 tactus
1129 1247 1178 1302 est

113 1347 217 1390 sensus
232 1332 493 1398 fundamentalis;
509 1335 638 1402 insuper
654 1332 724 1401 ejus
738 1333 955 1390 testimouium
970 1333 1019 1389 est
1039 1334 1175 1389 maxime

114 1422 284 1488 indubium,
300 1422 368 1492 ejus
391 1423 531 1479 tenuitas
555 1437 627 1478 cum
651 1422 751 1493 ipsius
773 1422 891 1490 ingenii
906 1422 1081 1478 subtilitate
1093 1437 1176 1479 com·

113 1513 240 1580 paratur
257 1511 348 1580 eique
372 1511 486 1567 sociari
508 1511 646 1567 videtur.
668 1510 751 1566 Idem
767 1511 931 1566 dicendum
945 1512 993 1568 est
1013 1511 1050 1567 de
1067 1513 1174 1580 gustu.

113 1600 215 1669 ltaque
230 1615 341 1656 sensus
362 1601 499 1657 maxime
516 1599 704 1664 materiales,
721 1600 791 1655 cbm
807 1600 981 1655 intellectui
994 1598 1175 1656 deserviant

112 1688 191 1745 baud
206 1689 311 1745 minus
325 1689 420 1758 quam
434 1690 623 1759 superiores,
639 1687 752 1744 exinde
768 1690 902 1744 maxime
917 1687 1136 1746 nobilitantur.

142 1821 203 1878 810.
226 1822 277 1879 De
295 1821 543 1893 possibilitate
556 1821 644 1879 novi
662 1821 802 1878 sensus.
819 1851 854 1862 -
868 1819 922 1878 ch
938 1823 1058 1878 moveri
1072 1823 1179 1894 potest

111 1911 239 1979 questio
256 1910 293 1967 de
313 1897 521 1980 possibilitate
543 1911 679 1981 aliquus
698 1911 806 1970 sensus
827 1911 950 1968 externi
964 1914 1080 1981 praeter
1099 1912 1178 1968 alios

113 2001 260 2068 quinque.
279 2003 359 2055 Sane
382 2013 484 2057 novus
504 2015 616 2056 sensus
632 2001 795 2056 autetiam
810 2000 865 2055 alii
886 2001 992 2072 plures
1007 2015 1066 2056 non
1083 2016 1179 2072 repu-

116 2102 207 2156 gnare
222 2089 388 2154 videntur;
422 2090 475 2145 sed
500 2090 693 2157 cognitiones
722 2104 812 2144 norae
828 2103 905 2159 quas
927 2089 1020 2146 homo
1043 2090 1088 2145 sic
1102 2091 1180 2146 acci-

113 2178 197 2246 peret
218 2191 282 2232 non
304 2177 557 2234 discordarenta
582 2177 813 2246 cognitionibus
845 2178 971 2234 aliunde
1003 2179 1177 2247 acquisitis.

112 2265 264 2329 ceterum,
280 2266 354 2321 oiim
369 2265 461 2321 homo
473 2267 516 2322 sit
528 2281 583 2322 ens
596 2266 743 2323 sensibile
757 2266 1033 2336 perfectissimum,
1051 2268 1179 2324 videtur

114 2351 317 2425 improbabile
332 2353 415 2422 qubd
430 2368 493 2410 non
508 2368 615 2410 omnes
630 2368 740 2411 sensus
755 2355 920 2425 possibiles
936 2355 1061 2412 habeat.

144 2485 208 2541 8ll.
235 2486 414 2556 Analysls
436 2487 671 2543 causationis.
692 2517 725 2526 —
747 2487 902 2556 Quidquid
935 2487 987 2554 sit,
1012 2487 1051 2542 ad
1078 2489 1177 2560 ipsam

114 2575 331 2638 sensationem‚
347 2577 478 2644 quaeest
492 2578 581 2631 actus
596 2576 737 2631 omnium
753 2589 913 2642 sensuum,
931 2578 1066 2633 maxime
1079 2579 1178 2634 atten-

114 2659 181 2718 dere
205 2665 341 2736 oportet,
375 2666 411 2719 ut
434 2664 503 2733 eJus
527 2677 634 2720 omnes
654 2677 764 2720 causas
786 2666 817 2720 et
839 2665 1032 2722 conditiones
1052 2667 1178 2736 dignos-

116 2764 234 2809 camus.

145 2847 480 2906 Turs1s.-Seasatio
499 2863 563 2903 aon
577 2847 811 2905 determinatur
834 2849 899 2905 nisi
921 2850 1029 2924 objecti
1049 2851 1178 2918 actione,

116 2949 176 3003 pace
190 2952 347 3008 erponem
362 2938 471 2991 senens
483 2935 590 3008 afficit,
602 2935 803 3008 producendo
817 2935 851 2991 in
865 2953 981 3010 orqano
996 2939 1180 3013 impressio-

116 3038 182 3079 nem
197 3026 227 3080 et
241 3024 277 3079 in
300 3040 394 3080 sensu
414 3039 547 3081 senorum
567 3039 763 3082 surisrmnmr.
782 3057 817 3066 -
838 3025 1006 3100 Impressio
1031 3027 1180 3100 orpoaice

117 3127 175 3167 non
188 3116 233 3169 est
244 3112 395 3169 senentio.
412 3143 445 3154 -
460 3111 583 3186 Species
594 3115 699 3170 autem
713 3113 868 3171 sensibilis
882 3132 945 3171 non
959 3122 1004 3173 est
1018 3117 1081 3172 nisi
1091 3116 1178 3189 prin·

116 3197 229 3273 atpium
248 3199 472 3258 immediatum
490 3207 625 3272 (senoms
642 3205 812 3276 rurarssa)
827 3206 857 3260 et
885 3205 1024 3260 medium
1045 3207 1179 3276 (aercius

118 3293 283 3360 rxrnussn)
304 3290 413 3362 quibus
438 3292 573 3348 senentio
596 3292 774 3366 perficitur.
799 3324 833 3336 -
857 3293 1001 3351 Seasotio
1024 3298 1068 3350 est
1092 3297 1179 3351 actas

118 3373 209 3448 ipsius
222 3381 335 3436 sensus
350 3379 404 3452 qai
415 3379 551 3456 percipit
574 3381 724 3454 objectum
742 3399 854 3446 anunm
871 3414 905 3426 -
924 3387 954 3440 et
972 3386 1016 3439 est
1031 3401 1104 3440 cere
1117 3399 1180 3456 cop·

119 3463 204 3522 nitio.
219 3498 255 3509 -
277 3466 367 3525 Unde
385 3469 515 3525 omnino
539 3469 760 3542 distiapuettdo
783 3475 829 3528 eet
844 3489 864 3526 a
883 3487 1072 3544 quocumque
1093 3478 1179 3529 motu

117 3565 240 3610 nervoso
253 3555 301 3612 vel
317 3555 511 3613 mechanico.
525 3588 562 3600 -
578 3556 665 3614 Unde
679 3557 777 3615 etiam
793 3562 838 3616 est
852 3558 1064 3616 essentialiter
1081 3560 1178 3634 objec-

145 3738 232 3811 (1)(11.
251 3741 282 3793 S.
300 3741 350 3790 Th.
374 3741 420 3800 (ΙΙ,
444 3757 470 3806 q.
485 3742 525 3815 ’18ζ
551 3757 576 3816 ²:
590 3742 625 3806 3),
640 3743 688 3809 qni
716 3745 851 3819 explicare
876 3752 993 3817 conatur
1014 3748 1176 3800 divisionem

119 3805 540 3916 fffflnagionffgmaffiltffisaefflbt
551 3819 714 3918 {impingam
728 3808 916 3872 perfectiorem
929 3816 1002 3859 inter
1013 3825 1106 3861 omnes
1118 3827 1178 3862 sen·
