2790 4546
229 335 283 391 220
711 349 830 406 prutes,

268 461 469 518 Manifestum
491 461 572 516 est...
587 460 669 528 qudd
684 461 785 516 omnis
809 461 898 516 aetus
917 460 1119 514 voluntarius
1135 462 1181 514 est
1196 459 1290 513 maius

231 547 289 604 per
303 533 361 588 hoo
375 533 457 602 qubd
472 532 591 588 recedit
604 532 643 587 ob
658 532 767 588 ordine
786 531 918 587 rationis
939 532 971 584 et
990 531 1066 600 legis
1091 532 1213 586 aeterum
1228 545 1236 594 ;
1264 529 1291 584 61

232 604 334 660 omnis
355 611 444 658 sotus
471 603 570 658 bouus
593 603 761 659 coneordat
782 603 898 658 rationi
919 604 952 658 et
974 601 1035 668 legi
1055 607 1189 656 aeternae.
1212 600 1291 656 Unde

231 675 376 743 sequitur
390 675 471 740 oubd
493 676 582 729 actus
604 673 771 738 humanus,
796 689 835 730 ex
856 674 914 729 hoe
945 675 1026 742 quod
1048 677 1098 727 est
1114 672 1219 728 bouus
1248 670 1292 725 vei

233 749 344 811 maius,
366 745 477 801 habeat
496 745 650 801 rationem
666 745 863 800 rectitudinis
878 744 930 800 vel
944 745 1062 816 peceati
1078 743 1126 814 (lt.

268 896 347 953 1195.
369 896 558 954 Secundus
576 896 767 954 character
788 911 795 952 :
816 900 921 953 notus
943 899 1001 952 est
1015 893 1211 952 laudabilis
1238 894 1293 950 vel

232 985 434 1057 culpabilis.
451 1016 485 1026 -
500 985 616 1040 Deinde
629 987 718 1041 sotus
734 986 902 1048 humanus,
922 985 954 1039 in
970 991 1121 1054 quantum
1138 986 1186 1039 est
1200 985 1291 1039 bonus

231 1076 282 1131 vei
299 1077 410 1140 maius,
428 1073 520 1130 babet
533 1073 685 1130 rationem
706 1073 870 1129 laudabilis
883 1073 934 1129 vel
948 1073 1114 1143 culpabilis
1130 1089 1138 1127 :

266 1183 311 1237 Ex
331 1182 389 1236 hoo
412 1181 495 1236 euim
519 1181 638 1236 dieitur
662 1184 750 1236 aetus
771 1179 935 1250 culpabilis
954 1179 1005 1236 vel
1027 1179 1195 1236 laudabilis
1218 1178 1292 1247 subd

231 1253 411 1322 imputatur
434 1252 562 1319 agenti;
588 1252 668 1306 nihil
689 1254 772 1308 enim
792 1255 841 1307 est
860 1252 944 1306 atiud
965 1251 1087 1306 laudari
1102 1253 1153 1306 vel
1179 1249 1292 1320 culpari

231 1326 322 1390 ouem
340 1323 489 1392 imputari
504 1323 599 1378 alicui
614 1323 764 1379 maiitiam
780 1324 830 1378 vel
846 1323 1016 1378 bonitatem
1037 1323 1087 1378 sui
1100 1322 1200 1378 aotbs.
1217 1323 1292 1377 Tuuo

231 1405 335 1450 autem
356 1396 445 1450 aetus
459 1393 637 1464 imputatur
655 1396 757 1465 agenti
773 1394 895 1462 quaudo
910 1397 959 1449 est
971 1395 1002 1448 in
1019 1397 1175 1462 potestate
1190 1392 1292 1464 ipsius,

231 1466 277 1520 ita
296 1467 376 1531 dudd
393 1465 504 1520 babeat
518 1465 691 1520 dominium
711 1465 873 1520 suiectus.
891 1467 952 1520 Hoo
966 1467 1071 1520 autem
1090 1472 1138 1519 est
1156 1465 1190 1519 iu
1206 1462 1294 1518 omni-

230 1535 288 1591 bus
302 1537 424 1591 antibus
437 1537 635 1601 voluntariis,
652 1537 725 1605 quia
743 1551 798 1607 per
809 1537 1003 1591 voluntatem
1021 1535 1113 1590 homo
1127 1535 1292 1590 dominium

231 1607 383 1662 suiectus
407 1606 540 1662 habet...
561 1607 647 1662 Unde
672 1608 863 1676 reiinquitur
884 1608 967 1674 quod
981 1606 1098 1661 bouum
1115 1606 1166 1661 vel
1183 1605 1292 1660 maium

231 1679 263 1732 iu
287 1678 361 1733 solis
383 1678 505 1734 actibus
533 1679 723 1733 voluntariis
754 1678 920 1734 coustituit
948 1679 1102 1734 rationem
1130 1678 1230 1734 laudis
1248 1675 1294 1730 vel

232 1749 342 1820 eulpae,
358 1749 391 1804 iu
406 1749 518 1818 quibus
532 1749 615 1804 idem
635 1752 684 1804 est
703 1751 830 1813 malum,
850 1751 1012 1821 peecatum
1028 1750 1061 1804 et
1079 1749 1172 1819 ouipa
1188 1749 1235 1819 (2).

267 1899 347 1954 1196.
382 1899 527 1957 Tertius
554 1899 770 1957 character:
792 1903 962 1956 meritum
984 1901 1046 1956 vel
1070 1900 1292 1956 demeritum.

233 2019 266 2032 -
285 1989 421 2044 Tandem
444 1993 532 2045 aetus
548 1990 716 2054 humanus,
732 1989 765 2044 iu
787 1992 938 2056 quantum
954 1993 1002 2045 est
1016 1989 1115 2046 bouus
1134 1989 1185 2044 vet
1202 1988 1294 2042 malus

232 2078 325 2132 habet
349 2077 504 2132 rationem
530 2077 635 2133 meriti
654 2077 706 2132 vei
730 2077 884 2144 demeriti,
905 2077 971 2132 sive
996 2077 1079 2148 apud
1105 2077 1245 2132 homines
1266 2077 1294 2130 et

232 2167 424 2231 sociotatem,
436 2167 502 2221 sive
517 2167 601 2236 apud
616 2170 722 2222 Deum.
736 2195 771 2206 -
782 2167 886 2221 Primo
902 2167 983 2237 apud
1000 2166 1143 2222 homiues
1154 2168 1186 2222 61
1201 2165 1294 2221 socie·

191 2311 192 2314 ,
233 2258 354 2312 tatem:

268 2360 486 2428 Unusquisque
515 2361 547 2415 in
570 2360 676 2429 aliqud
698 2361 846 2416 societate
865 2360 986 2425 vivens,
1007 2362 1056 2416 631
1079 2361 1184 2431 aliquo
1210 2359 1294 2414 modo

233 2445 305 2501 pars
319 2433 351 2488 et
367 2431 541 2486 membrum
556 2432 654 2486 totius
667 2433 836 2488 societatis.
851 2432 1043 2497 Quicumque
1061 2447 1136 2496 erro
1160 2432 1226 2498 agit
1247 2431 1295 2484 aii-

212 2561 213 2565 ,
234 2503 307 2571 quid
323 2503 355 2556 in
372 2503 485 2557 bouum
498 2504 547 2558 vel
564 2505 680 2558 melum
696 2504 829 2571 aiicujus
844 2503 877 2556 io
892 2503 1039 2558 societate
1054 2504 1228 2562 existentis.
1242 2501 1295 2556 hoo

233 2574 389 2628 redundat
410 2573 561 2628 idiotam
586 2574 785 2637 societatem
807 2574 890 2629 siout
904 2575 956 2642 qui
978 2574 1064 2629 laedit
1090 2589 1228 2636 manum,
1244 2585 1295 2643 per

233 2644 799 2710 consequeusiaedithominem.0i1m
822 2660 895 2714 ergo
912 2645 1025 2712 aliquis
1047 2647 1114 2710 agit
1136 2647 1168 2700 in
1186 2645 1293 2699 bouum

232 2717 281 2769 vel
307 2715 420 2770 maium
445 2716 575 2770 alterius
597 2715 766 2782 singularis
789 2731 940 2786 personae,
963 2717 1047 2771 eadit
1068 2716 1110 2770 ibi
1133 2715 1294 2787 dupliciter

232 2786 314 2840 ratio
331 2787 435 2841 meriti
447 2787 498 2842 vel
512 2786 675 2842 demeriti:
691 2802 752 2842 uuo
767 2787 867 2848 modo,
885 2787 1055 2842 seeundum
1072 2788 1153 2854 qubd
1169 2787 1295 2842 debetur

233 2856 260 2909 ei
278 2857 446 2912 retributio
476 2872 495 2912 1
519 2857 673 2925 singulari
696 2858 840 2927 persone,
859 2873 952 2927 quam
974 2858 1068 2926 Juvat
1083 2859 1133 2914 vei
1151 2857 1293 2917 offendit;

233 2927 294 2981 1116
316 2929 416 2988 modo,
437 2929 609 2984 seeundum
625 2929 706 2995 oubd
721 2929 853 2984 debetur
867 2930 895 2984 ei
917 2929 1086 2984 retributio
1110 2943 1128 2984 a
1147 2935 1212 2983 toto
1231 2927 1294 2982 ool-

233 2998 313 3066 16316
341 2999 467 3063 Quando
499 3003 572 3055 verb
597 3000 710 3068 aliquis
734 3001 860 3055 ordinat
882 3005 987 3055 ectum
1012 3015 1105 3054 suum
1126 3000 1241 3054 directe
1265 2997 1295 3051 iu

234 3069 349 3124 bonum
392 3071 441 3124 vei
477 3072 594 3126 maium
620 3072 718 3126 totius
742 3071 875 3140 collegii,
910 3071 1039 3126 debetur
1071 3071 1100 3126 ei
1133 3069 1295 3126 retributio

233 3140 336 3209 primo
369 3141 493 3208 quidem
521 3144 553 3197 et
576 3141 795 3211 principaliter
816 3155 835 3197 1
867 3145 933 3197 toto
956 3139 1295 3210 ooliegio„saouudarib

234 3215 309 3266 veru
333 3213 370 3266 ab
394 3212 539 3267 omnibus
563 3213 687 3282 collegii
710 3213 862 3283 partibus.
893 3213 967 3267 Obm
998 3216 1071 3268 verb
1099 3213 1210 3282 aliquis
1233 3211 1296 3279 egit

233 3283 314 3349 quod
336 3288 367 3337 iu
391 3283 505 3338 bonum
529 3284 693 3352 proprium
710 3285 759 3338 vei
777 3285 892 3339 maium
912 3284 1027 3352 vergit,
1051 3284 1147 3338 etiam
1171 3283 1295 3338 debetur

233 3352 262 3406 ei
285 3355 464 3418 retributio,
489 3355 694 3422 inquantum
721 3355 816 3410 etiam
841 3354 899 3410 boe
923 3357 1027 3424 vergit
1059 3355 1092 3411 in
1124 3367 1294 3414 commune,

234 3425 403 3480 seeundiim
423 3425 504 3494 qudd
524 3425 591 3495 ipse
609 3427 658 3480 est
677 3440 750 3496 pars
769 3426 932 3494 collegii...
949 3425 987 3498 (31

263 3611 298 3671 ut
315 3611 352 3666 ia,
366 3611 413 3671 aa,
433 3627 458 3678 q.
472 3613 512 3672 21,
530 3614 582 3664 si.

264 3681 301 3743 (1)
317 3684 395 3744 iate,
413 3699 437 3733 a.
453 3683 479 3732 2.

265 3753 299 3815 (3)
313 3753 395 3814 ista..
406 3769 430 3802 a.
438 3753 462 3803 3.
