2828 4550
218 399 270 453 112
648 413 869 455 rsrcuouocm

221 523 253 580 ct
268 525 312 580 sic
325 523 555 579 determinatur
569 524 748 579 intellectus
763 525 887 596 patiens
902 540 956 580 seu
972 527 1129 597 possibilis
1142 543 1201 598 per
1216 545 1293 600 spe-

221 613 283 668 cies
314 612 538 682 intelligibiles,
566 613 704 683 primum
729 613 897 684 impressas
922 617 953 670 et
975 616 1086 672 deinde
1114 631 1292 688 expressae,
1401 641 1407 699 ς

219 701 333 770 quibus
347 701 556 772 apprehendit
571 701 721 756 essentias
730 716 847 767 rerum,
858 705 1029 774 comparat,
1043 704 1177 772 judicat,
1195 708 1293 764 ratio·
1401 746 1406 755 -

219 791 345 847 cinatur
360 791 456 846 donec
471 796 509 845 ad
524 791 679 846 altissima
694 792 725 846 et
738 792 775 846 ad
791 791 894 862 ipsum
915 795 1010 848 Deum
1026 796 1202 864 perveniat.

248 918 312 974 953.
338 918 506 973 idearum
529 916 770 986 obiectivitas.
789 947 822 956 —-
852 921 897 972 Ex
921 919 970 974 his
996 919 1162 976 inferimus
1201 922 1289 978 ideas

215 1009 282 1064 sive
296 1007 414 1078 species
435 1005 648 1074 intelligibiles
669 1019 730 1061 non
750 1020 816 1061 esse
831 1005 988 1074 objectum
1012 1008 1202 1076 intellectim,
1220 1013 1288 1066 sal·
1402 1062 1407 1071 ,

211 1097 276 1152 tem
306 1097 409 1166 primo
442 1099 474 1151 et
500 1095 626 1160 directe,
655 1095 708 1150 sed
732 1096 837 1164 ponus
863 1096 895 1150 id
919 1111 979 1164 quo
1005 1111 1092 1153 mens
1117 1099 1283 1169 intelligit.

213 1184 360 1256 Apposite
376 1187 404 1239 S.
417 1185 471 1240 Th.
485 1201 491 1237 :

245 1293 376 1356 Quidam
392 1293 567 1363 posuerunt
580 1291 661 1360 quod
677 1291 761 1346 vires
782 1307 852 1360 quae
872 1293 993 1348 suntin
1008 1293 1098 1348 nobis
1118 1295 1285 1362 cognosci-

208 1364 294 1425 tivae,
312 1363 392 1418 nihil
418 1363 611 1433 cognoscunt
639 1363 700 1418 nisi
732 1363 874 1432 proprias
901 1364 1073 1434 passiones,
1097 1365 1176 1434 puta
1199 1368 1285 1434 quod

208 1449 317 1490 sensus
333 1450 394 1490 non
410 1436 508 1490 sentit
522 1435 583 1490 nisi
598 1435 774 1505 passionem
786 1435 835 1488 sui
849 1436 968 1502 organi.
986 1437 1023 1490 ut
1036 1436 1207 1490 secundum
1224 1437 1285 1493 hoo

207 1507 384 1562 intellectus
400 1506 479 1560 nihil
494 1506 644 1574 intelligit
669 1505 728 1560 nisi
754 1519 843 1560 suam
859 1506 1048 1574 passionem,
1070 1507 1191 1562 scilicet
1214 1523 1284 1578 spe-

207 1578 285 1632 ciem
301 1578 533 1646 intelligibilem
553 1579 587 1631 in
602 1591 634 1631 se
649 1577 826 1646 receptam;
844 1581 876 1632 et
899 1579 1070 1632 secundnm
1087 1579 1146 1633 hoo
1161 1581 1282 1648 species

207 1648 392 1717 huiusmodi
408 1650 455 1704 cst
469 1649 573 1719 ipsum
589 1648 671 1716 quod
682 1647 889 1716 intelligitur.
909 1649 965 1703 Sed
976 1649 1042 1702 haec
1057 1649 1163 1719 opinio
1179 1651 1282 1704 mani-

206 1719 286 1776 feste
309 1721 440 1790 apparet
464 1720 542 1774 salsa
564 1734 604 1773 ex
629 1719 748 1773 duobus
766 1720 893 1788 :primo
918 1721 1055 1787 quidem,
1070 1720 1144 1788 quia
1170 1721 1280 1776 eadem

206 1792 280 1847 sunt
295 1805 364 1859 quaa
379 1792 585 1858 intelligimus
601 1791 632 1844 et
644 1791 681 1845 de
697 1791 810 1858 quibus
826 1791 901 1844 sunt
915 1791 1062 1846 scientiae.
1079 1792 1109 1846 Si
1127 1791 1229 1860 igitur
1243 1807 1282 1848 ea

207 1877 276 1930 quae
296 1861 503 1931 intelligimus
532 1864 637 1916 essent
661 1862 761 1916 solnm
782 1861 900 1930 species
922 1876 990 1929 quae
1015 1863 1089 1917 sunt
1111 1862 1144 1916 in
1159 1864 1279 1928 anima,

205 1939 391 2002 sequeretur
419 1934 499 2002 quod
523 1933 661 1988 scientiae
685 1946 792 1988 omnes
817 1947 878 1987 non
904 1934 1009 1987 essent
1032 1933 1068 1987 de
1093 1933 1187 1988 rebus
1207 1947 1280 2002 quae

206 2006 281 2059 suut
296 2005 387 2059 extra
399 2005 547 2066 animam,
569 2004 622 2059 sed
638 2005 739 2058 solum
764 2003 801 2058 de
824 2003 985 2073 speciebus
1011 2004 1277 2074 intelligibilibus,

205 2090 272 2143 quae
288 2079 363 2131 sunt
378 2075 547 2139 inanimam
565 2076 656 2137 sicut,
673 2075 844 2130 secundum
860 2075 1044 2146 platonicos,
1057 2089 1163 2130 omnes
1179 2076 1280 2131 sciens

205 2149 257 2202 tiae
281 2149 356 2202 sunt
377 2147 414 2200 de
435 2147 524 2211 ideis,
551 2160 626 2214 quas
650 2146 807 2215 ponebant
835 2160 902 2200 esse
926 2147 1100 2201 intellectas
1128 2148 1161 2201 in
1189 2148 1277 2202 actu.

204 2219 354 2281 secundo,
373 2218 446 2286 quia
468 2218 651 2286 sequeretur
666 2231 757 2272 error
777 2217 980 2283 antiquorum
996 2217 1166 2272 dicentium
1183 2233 1280 2274 omne

203 2290 284 2356 quod
299 2290 427 2345 videtur
448 2303 515 2344 esse
541 2302 673 2352 verum;
696 2289 728 2342 et
752 2288 898 2344 similiter
917 2289 999 2355 qiibd
1023 2289 1279 2344 contradictoriae

202 2362 306 2416 essent
319 2361 413 2416 simul
429 2375 552 2416 verae...
569 2360 607 2414 Et
621 2358 690 2413 ideo
706 2359 872 2414 dicendum
888 2359 1032 2425 estquod
1048 2359 1167 2428 species
1184 2361 1278 2415 intel-

201 2432 330 2500 ligibilis
347 2447 379 2487 se
395 2432 489 2486 habet
512 2431 550 2485 ad
575 2431 770 2486 intellectum
784 2431 820 2484 ut
835 2431 866 2485 id
882 2445 942 2498 quo
961 2430 1112 2498 intelligit
1128 2429 1276 2486 intellec-

200 2503 288 2559 tus...
305 2504 361 2558 Sed
375 2503 447 2570 quia
458 2503 636 2557 intellectus
647 2516 743 2571 supra
754 2501 891 2572 scipsum
903 2500 1087 2566 reflectitur,
1100 2501 1277 2558 secundum

200 2575 341 2630 eamdem
358 2574 562 2628 reflexionem
578 2573 730 2642 intelligit
745 2573 776 2627 et
787 2587 879 2628 suum
895 2573 1070 2641 intelligere
1086 2573 1117 2628 et
1136 2573 1276 2644 speciem

200 2645 261 2712 qua
279 2645 438 2713 intelligit.
455 2646 492 2700 nt
507 2645 551 2700 sic
573 2645 690 2714 species
706 2644 865 2699 intellecta
879 2643 1064 2699 secundario
1079 2645 1126 2698 est
1142 2645 1174 2698 id
1189 2646 1277 2713 quod

199 2716 410 2783 intelligitur;
437 2716 490 2770 sed
515 2716 545 2770 id
568 2716 650 2782 quod
679 2715 870 2784 intelligitur
892 2715 1004 2784 primo,
1021 2715 1069 2769 est
1090 2729 1152 2783 res,
1180 2716 1279 2785 cujus

199 2787 317 2857 species
332 2787 540 2856 intelligibilis
555 2788 603 2842 est
618 2787 793 2842 similitudo
807 2786 857 2856 (l).

623 3100 752 3159 CAPUT
773 3100 841 3158 LVI

338 3237 377 3300 nn
398 3262 586 3304 cocmrionn
600 3263 847 3305 rnrnnnncrunm
863 3245 1093 3317 (conriuunrio)
1115 3263 1122 3300 ε

308 3349 379 3392 urus
406 3351 567 3400 narnusro
596 3352 766 3401 carnorum,
799 3352 940 3401 maruan,
962 3350 1159 3392 raccanssus

230 3490 292 3545 954.
316 3490 538 3560 Cognitionis
551 3490 721 3546 humanae
736 3491 911 3554 extensio,
923 3489 1273 3558 obiectummatura,

198 3581 256 3635 etc.
274 3610 307 3618 —
328 3580 494 3649 Postquam
520 3580 726 3635 disseruimus
751 3580 787 3635 de
811 3580 953 3635 idearum
973 3579 1135 3646 totiusque
1155 3579 1272 3647 cogni-

195 3668 290 3724 tionis
306 3667 452 3724 humanae
466 3670 597 3738 origine,
610 3670 736 3740 oportet
745 3669 905 3725 attendere
920 3667 959 3723 ad
972 3667 1064 3738 hujus
1078 3666 1273 3735 cognitionis

224 3839 260 3902 ll)
276 3839 312 3898 1³,
330 3854 355 3904 q.
373 3837 414 3897 85,
429 3853 453 3889 a.
464 3839 488 3888 2.
