2790 4546
227 362 282 416 248
638 372 691 414 sus
711 371 882 414 unruunnn

227 489 324 542 Deum
340 499 409 554 quae
425 484 505 540 hanc
520 483 697 540 doctrinam
713 483 959 552 consequuntur,
976 481 1043 538 siva
1060 481 1290 553 virtutemque
1374 519 1375 558 1

227 574 359 630 inclinat
384 573 421 628 ad
442 573 530 628 actus
550 571 724 642 religionis,
744 572 803 627 etc.
824 573 921 627 Porro
941 569 992 626 hic
1015 570 1209 627 intendimus
1227 571 1290 626 offi-

227 663 311 718 cium
334 661 495 732 religionis
515 661 547 715 in
570 674 683 730 genera
703 662 735 716 et
757 659 928 716 asserimus
950 660 1028 716 illud
1051 673 1119 716 esse
1141 661 1290 730 praestan·
1375 728 1376 744 χ

224 751 394 808 tissimum.

263 840 384 896 Etenim
398 840 464 908 lege
475 839 612 895 naturali
624 840 717 894 homo
728 839 855 895 tenetur
869 837 986 892 bonum
997 837 1100 892 facere
1114 851 1151 892 ac
1163 837 1288 908 proinde

227 928 368 984 ordinem
384 941 526 983 servare.
543 927 637 996 Atqui
661 927 737 982 ordo
757 940 865 982 rerum
885 925 1097 982 essentialiter
1110 926 1242 994 requirit
1254 927 1289 982 nt

227 1016 287 1082 llus
312 1015 611 1072 excellentissimum
633 1015 715 1085 quod
740 1015 788 1070 est
806 1014 946 1070 omnium
968 1027 1075 1069 rerum
1101 1014 1241 1070 conditor
1258 1014 1289 1068 et

227 1105 360 1162 ultimus
374 1104 445 1160 finis
470 1118 525 1160 seu
546 1104 662 1161 bonum
678 1104 864 1176 perlectum,
885 1103 1070 1167 honoretur,
1085 1102 1242 1158 serviatur
1258 1105 1289 1158 01
1376 1149 1377 1166 ,

227 1196 352 1250 ametur
368 1206 470 1264 ¹supra
493 1195 609 1249 omnia.
635 1194 710 1248 ilinc
733 1193 963 1264 praecipiuntur
977 1205 1085 1248 omnes
1106 1193 1194 1248 actus
1216 1191 1288 1247 reli-
1376 1169 1377 1234 3

226 1281 328 1351 gionls
352 1282 526 1345 :adoratio,
551 1282 719 1346 orationes,
745 1281 929 1344 oblationes,
950 1279 1120 1346 sacriflcia;
1140 1281 1289 1352 01000111-

228 1371 342 1426 bantur
369 1369 557 1435 idololatria,
587 1370 781 1442 superstitio,
806 1371 963 1441 impietas,
991 1369 1194 1440 blasphemia,
1221 1384 1289 1441 per-

223 1473 358 1528 Jurium.
885 1475 889 1483 ·

263 1548 337 1602 cum
353 1548 516 1617 religionis
527 1549 628 1604 officia
640 1550 814 1616 exsurgant
827 1549 1002 1604 necessario
1017 1549 1049 1603 et
1063 1548 1241 1604 immediate
1253 1561 1289 1600 ex
1377 1567 1378 1608 i

228 1636 298 1707 ipsa
312 1637 448 1693 essentia
462 1637 515 1693 Dei
531 1639 563 1692 01
584 1652 623 1693 ex
646 1637 716 1708 ipsa
730 1637 866 1694 essentia
889 1637 1037 1699 hominis,
1063 1637 1122 1692 hoc
1136 1637 1204 1708 ipso
1218 1637 1288 1692 sunt

227 1726 384 1797 principia
407 1728 547 1782 omnium
568 1727 757 1782 officiorum.
781 1727 867 1784 Unde
885 1727 919 1780 in
937 1725 1090 1795 religione
1105 1724 1286 1782 0010000111-

227 1814 276 1869 cia
290 1814 473 1871 fundantur.
502 1817 622 1871 Revera
649 1815 774 1871 ordines
803 1815 1008 1885 particulares
1040 1814 1187 1871 servandi
1219 1813 1287 1869 sunt

227 1904 357 1974 propter
385 1903 527 1960 ordinem
552 1919 735 1976 supremum
760 1906 791 1962 et
813 1903 1034 1967 universalem,
1056 1905 1109 1972 qui
1132 1904 1235 1960 oritur
1253 1915 1286 1956 ex

227 1991 322 2046 cause
335 1993 438 2062 prima
452 1995 485 2048 et
499 1992 560 2049 line
576 1993 703 2060 ultimo;
719 1994 772 2063 qui
794 1993 933 2063 legitime
946 1993 1168 2064 principantur
1195 1991 1285 2047 hono·
1378 2001 1379 2006 ’

227 2081 317 2136 randi
345 2082 377 2137 et
405 2083 562 2138 serviendi
591 2084 666 2138 sunt
692 2084 823 2154 propter
850 2083 1072 2138 anctoritatem
1100 2095 1285 2152 supremam.

228 2170 701 2240 ltaqueatheismus,quanti1m
726 2173 758 2226 in
781 2186 813 2228 se
837 2173 894 2235 est,
910 2171 1012 2228 totum
1028 2171 1171 2226 ordinem
1195 2184 1286 2225 mora·

228 2259 288 2314 lem
305 2273 340 2314 ac
354 2261 485 2330 proinde
499 2261 600 2332 ipsam
616 2261 796 2316 societatem
819 2261 966 2316 destruit.
985 2260 1071 2315 Unde
1091 2261 1187 2316 etiam
1207 2259 1285 2314 vide-

230 2362 299 2403 mus
314 2349 476 2417 religionis
490 2349 627 2410 officium
653 2363 715 2404 non
737 2349 835 2406 fluere
850 2363 889 2404 ax
907 2349 1017 2404 officiis
1032 2348 1146 2418 quibus
1162 2348 1284 2404 societas
1379 2409 1380 2418 χ

226 2437 443 2502 constituitur,
460 2443 496 2494 ut
509 2439 636 2508 putavit
650 2437 831 2502 putendorf,
849 2437 903 2493 sed
913 2438 1020 2508 potius
1031 2436 1099 2492 haec
1110 2437 1149 2492 ab
1163 2435 1217 2493 illo
1228 2437 1285 2491 vim
1379 2425 1380 2440 .

227 2526 380 2595 accipere.

262 2614 373 2671 Merite
389 2616 488 2684 igitur
511 2617 615 2672 virtus
635 2617 797 2685 religionis
822 2613 957 2673 habetur
979 2617 1016 2673 ut
1034 2617 1139 2686 prima
1154 2617 1285 2672 omnium

228 2702 385 2758 virtutum
402 2705 580 2760 moralium.
596 2705 641 2760 Ad
656 2719 724 2761 rem
740 2707 768 2760 S.
784 2705 839 2760 Th.
856 2722 863 2759 :

262 2811 304 2862 ila
323 2811 481 2877 quaesunt
499 2811 537 2864 ad
562 2809 657 2866 tinem
684 2811 863 2867 sortiuntur
877 2811 1049 2866 bonitatem
1075 2826 1115 2867 ex
1138 2811 1245 2868 ordine
1258 2811 1286 2864 in

226 2877 336 2943 finem;
353 2880 385 2935 01
399 2880 468 2936 ideo
483 2884 600 2950 quanto
615 2885 690 2938 sunt
706 2882 762 2937 lini
776 2882 1018 2953 propinquiores
1035 2883 1124 2938 tanto
1140 2884 1214 2938 sunt
1226 2896 1284 2936 me-

225 2948 314 3004 liora.
332 2951 471 3006 Virtutes
485 2961 591 3008 autem
608 2954 774 3010 morales...
787 2955 862 3010 sunt
876 2954 959 3009 circa
973 2968 1009 3009 00
1022 2965 1091 3023 quae
1106 2954 1285 3010 ordinantur

226 3021 258 3074 in
273 3021 369 3076 Deum
384 3023 466 3078 sicut
481 3024 514 3078 10
535 3024 638 3080 linem.
665 3025 784 3095 Religio
809 3027 915 3081 autem
940 3026 1039 3094 magis
1065 3025 1102 3080 de
1117 3025 1283 3096 propinquo

224 3091 344 3148 accedit
368 3093 407 3149 ad
426 3095 524 3149 Deum
548 3094 641 3162 quam
664 3095 733 3152 aliea
761 3097 897 3152 virtutes
913 3097 1058 3161 morales,
1087 3096 1283 3166 inquantum

226 3165 376 3230 operatur
389 3179 427 3220 ea
448 3179 516 3232 quae
531 3165 648 3222 directe
672 3169 704 3222 01
730 3168 912 3224 immediate
933 3167 1123 3223 ordinantur
1146 3169 1179 3223 10
1199 3167 1284 3221 hono-

223 3235 463 3377 ffossafflgiffim'
481 3237 518 3291 Et
541 3237 611 3293 ideo
633 3238 745 3308 religio
769 3238 953 3308 praeeminet
967 3239 1052 3295 inter
1065 3239 1143 3295 alias
1157 3238 1283 3294 virtutes

262 3431 341 3486 1249.
362 3433 502 3504 Religio
522 3433 691 3490 consistit
714 3436 874 3505 primum
892 3437 931 3493 in
946 3449 1068 3492 amore
1085 3435 1283 3504 110100000-

226 3532 294 3574 mo.
310 3549 344 3560 -
364 3523 404 3577 Ut
419 3537 457 3577 ex
472 3522 563 3578 dictis
578 3525 673 3592 patet,
690 3524 742 3579 lex
757 3524 911 3580 naturalis
931 3524 1076 3595 praecipit
1089 3522 1239 3596 inprimis
1253 3519 1284 3574 ut

225 3609 307 3662 Deus
328 3611 543 3680 superomnia
558 3609 718 3679 diligatur,
735 3613 845 3684 utpote
866 3611 938 3668 finis
958 3613 1090 3669 ultimus
1106 3613 1243 3668 omnium
1256 3609 1284 3663 et

257 3775 290 3838 (1)
307 3777 345 3834 2⁸,
360 3777 407 3836 2⁸³,
421 3793 447 3843 q.
460 3779 500 3838 81,
516 3795 540 3830 a.
556 3779 581 3832 6.
