2828 4550
406 439 507 480 oarur
525 439 589 480 ixi.
605 455 637 464 -
657 435 706 480 n0³
730 421 905 488 1024,1025.
1144 429 1194 484 143

114 551 249 608 dicendo
264 549 430 604 caecitatem
451 562 518 604 esse
537 549 706 604 essentiam
722 547 873 610 divinam,
893 549 921 604 si
940 550 1100 620 spectatur
1115 552 1192 608 ordo

116 639 346 712 dependentlae,
362 636 554 692 intellectam
568 637 685 692 verosi
700 637 860 706 spectatur
878 638 954 693 ordo
976 637 1190 708 perfectionis.

116 729 239 793 -Sed,
255 727 369 783 ceteris
383 727 519 792 omissis,
535 727 630 782 ctiam
646 727 802 783 inordina
818 727 1028 797 perfectionis.
1046 742 1146 784 essee
1160 743 1194 786 se

116 835 175 875 seu
189 817 308 888 asettas
322 817 531 872 videturesse
545 815 663 884 aliquid
678 816 820 872 absolute
834 817 984 888 primum.
1003 817 1089 872 Unde
1109 832 1192 876 asse-

117 921 224 963 rimus
238 923 247 960 ε

159 1051 240 1106 1025.
265 1047 432 1104 Essentia
454 1047 580 1102 divina
605 1048 644 1102 in
665 1047 818 1102 aseitate
835 1049 1044 1118 reponenda
1068 1054 1135 1107 est.
1160 1083 1195 1092 -

118 1140 245 1195 Etenim
264 1137 400 1193 essentia
422 1136 529 1192 divina
551 1137 599 1191 θεῖ
621 1139 649 1190 l⁰
669 1135 787 1204 aliquid
812 1137 1052 1207 concipiendum
1073 1139 1107 1194 in
1132 1143 1193 1196 Deo

115 1232 272 1296 tanquam
288 1227 429 1281 absolute
449 1225 605 1296 primum;
630 1225 663 1277 2⁰
685 1227 733 1280 est
752 1225 871 1293 aliquid
895 1240 956 1294 quo
975 1228 1193 1299 principaliter

117 1321 219 1373 Deum
235 1315 275 1371 ab
294 1315 379 1370 omni
392 1313 455 1368 alit
468 1311 582 1368 natura
601 1313 844 1382 distinguimus;
867 1313 899 1368 3ο
914 1317 963 1372 θεῖ
982 1317 1095 1372 ultima.
1108 1318 1191 1374 ratio

116 1406 266 1462 omnium
281 1404 510 1474 perfectionum
522 1403 712 1458 divinarum.
725 1405 819 1472 Atqui
830 1405 1025 1461 characteres
1038 1406 1193 1476 ejusmodi

118 1496 182 1552 soli
197 1493 325 1550 aseitnii
340 1492 539 1548 conveniunt.

156 1596 237 1648 Nam
257 1592 284 1645 1⁰
298 1591 421 1655 ascitas,
437 1591 508 1645 clim
530 1590 573 1645 sit
588 1590 758 1645 existentia
776 1604 852 1655 ase,
866 1605 934 1646 esse
947 1591 1088 1648 absolute
1109 1594 1193 1650 inde-

118 1683 275 1756 pendens,
289 1679 389 1747 ipsius
403 1679 484 1734 entis
502 1679 654 1748 perfectio
670 1679 731 1748 qua
746 1678 782 1734 dt
798 1680 834 1735 ut
845 1694 900 1736 ens
915 1681 957 1735 sit
972 1683 1194 1748 necessarium,

119 1775 172 1829 est
187 1769 309 1840 aliquid
325 1768 466 1824 absolute
481 1767 630 1837 primum.

158 1871 191 1922 2⁰
208 1867 347 1924 Aseitate
362 1865 579 1936 principaliter
593 1865 802 1935 distinguitur
816 1869 895 1922 Deus
911 1867 949 1921 ab
964 1869 1049 1923 omni
1063 1867 1127 1925 alia
1145 1885 1198 1926 na-

121 1959 212 2021 tura,
242 1955 397 2025 siquidem
420 1968 528 2010 omnes
555 1953 762 2024 perfectiones
791 1955 914 2011 divinas
941 1959 1094 2014 creaturae
1121 1959 1199 2014 imi-

120 2049 249 2110 tantur,
266 2045 396 2100 aseitate
410 2041 550 2114 excepta,
573 2057 642 2110 quae
665 2045 713 2099 est
735 2045 862 2099 omnino
882 2045 1199 2106 incommunicabilis.

158 2146 195 2200 3ο
211 2143 334 2198 Αεθῖῖθε
355 2140 403 2196 θεῖ
417 2140 486 2196 fons
507 2141 550 2214 et
563 2141 676 2196 ultima
699 2142 781 2197 ratio
805 2143 946 2196 omnium
968 2143 1196 2213 perfectionum

120 2234 321 2290 divinarum.
338 2231 458 2286 Aseitas
473 2229 555 2285 enim
576 2230 685 2285 statim
703 2229 855 2299 importat
877 2231 1074 2287 identitatem
1096 2249 1202 2291 essen-

119 2325 181 2379 tiae
197 2325 229 2377 et
244 2320 431 2384 existentiae,
446 2319 479 2374 et
493 2319 624 2390 proinde
645 2319 891 2389 simplicitatem,
914 2319 1115 2387 infinitatem,
1131 2326 1197 2380 ete·

118 2415 206 2468 Sane
232 2409 440 2481 perfectiones
468 2408 583 2464 divinae
611 2409 746 2464 invicem
775 2408 988 2478 explicantur;
1004 2411 1058 2466 sed
1085 2412 1198 2467 ultima

120 2501 211 2558 ratio
226 2498 366 2554 omnium
386 2497 420 2552 in
434 2497 566 2553 ascilate
580 2497 752 2554 invenitur,

159 2594 377 2652 confirmatur
397 2596 464 2650 haec
486 2595 645 2650 conclusio
669 2595 774 2650 verbis
801 2595 981 2665 scripturae.
1007 2597 1094 2652 Dixit
1115 2597 1198 2654 enim

122 2691 210 2742 Deus
226 2685 263 2739 de
278 2683 379 2754 seipso
396 2699 402 2736 ε
419 2679 483 2754 Epo
500 2681 732 2753 sumpsissem,
747 2683 779 2738 id
794 2684 842 2739 est
857 2701 863 2735 :
882 2681 944 2754 Epo
961 2699 1031 2737 sum
1045 2683 1200 2744 Jelrovah.

120 2776 198 2836 Sed,
211 2773 239 2828 si
253 2772 328 2827 illud
345 2787 479 2837 nomem,
491 2770 639 2834 Jehooali,
650 2773 827 2828 habendum
841 2774 1045 2841 esttanquam
1063 2777 1201 2832 maxime

121 2863 293 2935 proprium
315 2861 386 2928 Deo,
407 2861 465 2916 hoc
484 2863 532 2916 est
546 2862 619 2930 quia
640 2863 754 2916 ascitas
769 2861 970 2930 concipienda
988 2865 1036 2918 est
1050 2866 1200 2932 tanquam

120 2952 247 3008 divinae
262 2952 384 3005 naturae
399 2949 549 3006 essentia.
568 2950 716 3020 Apposite
732 2952 760 3006 S.
776 2952 853 3006 fla:

163 3059 230 3112 Hoc
248 3070 374 3118 nomen,
390 3053 442 3124 (μεθ’
461 3057 516 3121 est,
535 3056 653 3126 triplici
669 3057 791 3112 ratione
810 3058 858 3112 est
878 3058 1015 3112 maxime
1035 3059 1199 3128 proprium

122 3142 243 3185 nomen
259 3128 324 3182 Dei.
337 3128 487 3182 -Primo
502 3129 625 3194 quidem
641 3129 770 3198 propter
784 3129 832 3184 sui
846 3128 1116 3196 significationem.
1133 3132 1199 3183 Non

121 3200 212 3255 enim
228 3197 386 3266 significat
401 3199 533 3254 formam
555 3199 702 3266 aliquam,
724 3199 776 3254 sed
800 3200 904 3269 ipsum
927 3215 1003 3254 esse.
1021 3201 1106 3255 Unde
1128 3201 1198 3254 clim

121 3285 197 3326 esse
216 3269 267 3324 Dei
284 3271 327 3325 sit
349 3269 418 3338 ipsa
433 3268 502 3336 eJus
517 3271 661 3328 essentia.
677 3273 709 3324 et
733 3271 791 3325 hoc
814 3270 892 3324 nulli
913 3270 967 3324 alii
987 3271 1198 3333 conveniat...,

121 3341 330 3396 manifestum
347 3343 396 3395 est
409 3341 491 3408 qued
512 3341 674 3395 lateralia
693 3341 820 3395 nomina
836 3342 894 3396 hoc
919 3343 1055 3395 maxime
1072 3342 1200 3410 proprie

119 3411 270 3468 nominat
283 3414 393 3466 Deum.
411 3412 657 3479 Unumquodque
668 3412 750 3465 enim
762 3413 1009 3467 denominatura
1019 3411 1076 3466 sud
1089 3411 1198 3474 forma,

120 3513 157 3524 -
176 3483 317 3538 Secundo
330 3484 462 3552 propter
475 3483 543 3550 ejns
556 3483 836 3537 universalitatem.
852 3483 1053 3537 Omniaenim
1072 3484 1134 3538 alia
1150 3498 1203 3538 no·

120 3554 214 3609 mina
238 3555 287 3609 vel
308 3557 383 3608 sunt
409 3553 511 3608 minus
535 3555 724 3614 eommunia,
751 3555 801 3608 vel
825 3553 851 3608 si
875 3557 1103 3609 convertantur
1130 3569 1201 3609 cum

118 3627 205 3694 ipso,
222 3627 329 3679 tamen
344 3623 464 3678 addunt
478 3625 597 3692 aliquid
611 3639 708 3694 supra
722 3623 826 3694 ipsum
844 3625 1017 3679 seeundum
1034 3627 1199 3680 rationem.

119 3696 214 3751 Unde
233 3695 463 3764 quodammodo
482 3695 656 3751 informant
676 3697 709 3750 et
732 3697 943 3750 determinant
964 3697 1078 3764 ipsum.
1101 3697 1200 3751 intel-

119 3767 227 3822 lectus
246 3767 353 3822 autem
374 3769 561 3822 nosternon
586 3769 690 3835 potest
708 3766 808 3835 ipsam
829 3767 882 3821 Dei
904 3766 1071 3821 essentiam
1091 3781 1202 3834 cogno·

120 3851 214 3893 scere
241 3837 275 3892 in
287 3839 374 3893 statu
389 3837 458 3904 viae,
474 3836 646 3892 secundum
662 3838 744 3906 quod
759 3838 791 3892 in
816 3851 847 3892 se
865 3838 922 3901 est,
939 3837 993 3893 sed
1017 3851 1199 3906 quemeum-
