2910 4568
277 420 481 466 0111111111.
501 403 534 446 -'-
550 413 599 461 Nos
613 405 676 468 769,
692 407 757 470 770,
774 409 836 469 771,
852 409 916 472 772,
931 407 995 462 773.
1137 406 1173 463 33

115 532 191 587 velut
213 543 377 588 erroneam
403 545 439 586 ac
461 531 591 586 veritati
614 529 774 586 catholicoe
794 531 866 586 fidei
889 525 1061 598 inimicam,
1077 547 1173 602 sacro

113 603 292 672 approbante
319 601 465 665 concilio,
485 602 713 672 reprobamus:
736 601 923 658 Deficientes
948 603 983 658 ut
1006 604 1170 672 quisquam

113 674 245 745 deinceps
269 687 421 738 asserere,
447 673 623 736 defendere,
651 686 707 729 seu
729 673 837 728 tenere
861 675 1067 744 pertinaciter
1091 689 1172 745 prae-v

113 743 274 816 sumpserit
288 745 370 814 quod
382 745 487 800 anima
496 744 662 800 rationalis
672 758 728 800 seu
738 743 934 802 intellectiva
944 759 1006 800 non
1018 746 1059 801 sit
1070 745 1173 802 forma

113 817 241 885 corporis
256 815 386 871 humaui
401 829 458 886 per
480 829 513 871 se
535 817 567 871 et
590 814 812 878 essentialiter,
829 817 978 884 tanquam
1005 817 1172 888 haereticus

114 887 150 941 sit
162 888 345 944 censendus.

144 995 219 1050 ldem
244 993 445 1050 confirmavit
467 993 639 1050 Concilium
659 973 906 1050 LateranenseV
931 994 1035 1066 (1515),
1053 985 1170 1080 necnon

112 1085 175 1140 Pius
189 1087 229 1140 IX
243 1085 277 1140 in
295 1085 360 1141 suis
384 1085 513 1140 Litteris
536 1085 716 1155 apostolicis
732 1085 822 1155 11857)
843 1084 882 1140 ad
901 1086 1171 1159 archiepiscopum

112 1174 327 1238 coloniensem,
343 1173 380 1229 de
395 1173 485 1229 libris
501 1174 654 1230 Giintheri
668 1174 719 1242 (l).

141 1308 198 1362 771.
222 1308 396 1378 objectio.
424 1307 545 1362 -Non
568 1307 696 1362 videtur
720 1308 802 1376 quod
824 1307 1012 1372 intellectus,
1036 1310 1107 1364 oiim
1132 1311 1174 1365 sit

111 1395 232 1452 facultas
248 1396 435 1467 spiritualis,
447 1396 640 1465 inorganica,
656 1397 755 1466 possit
767 1411 833 1452 esse
844 1396 946 1452 forma
957 1396 1174 1455 substantialis

111 1499 253 1554 corporis.
765 1503 767 1507 ·
1089 1547 1092 1554 ,

141 1573 281 1648 111001.-
295 1575 361 1630 Non
376 1576 444 1644 ipsa
465 1574 598 1630 facultas
618 1574 812 1643 intelligendi
836 1575 883 1630 est
898 1575 1000 1632 forma
1019 1561 1170 1648 corporis,

112 1664 157 1718 scd
172 1665 352 1720 substantia
370 1663 556 1734 spiritualis,
573 1678 641 1734 quae
657 1663 736 1719 hanc
750 1665 933 1720 facultatem
950 1665 1051 1720 habet.
1068 1667 1172 1733 Neque

112 1754 282 1809 substantia
314 1753 489 1825 spiritualis
517 1753 566 1808 cst
593 1753 733 1823 corporis
762 1753 864 1808 forma
892 1756 1046 1821 quatenus
1075 1755 1173 1824 spiri-

112 1843 223 1898 tualis:
250 1842 296 1898 sic
317 1843 400 1897 enim
422 1842 619 1898 considerata
637 1842 759 1897 excedit
783 1857 896 1912 corpus
911 1845 943 1898 et
965 1857 1094 1905 sensus;
1120 1844 1174 1899 sed

113 1933 258 2000 quatenus
288 1933 336 1986 est
359 1932 497 2000 primum
526 1925 717 2002 principium
743 1931 817 1987 vitae
842 1932 873 1987 et
900 1933 1040 1987 continet
1067 1933 1172 2001 aliquo

114 2021 196 2076 modo
212 2035 321 2076 ornnes
337 2021 453 2076 formas
469 2020 645 2075 inferiores.

143 2155 205 2212 772.
226 2155 336 2209 Error
349 2153 532 2209 Averrois.
550 2155 602 2208 De
616 2155 757 2209 rationo
772 2156 1014 2232 impersonali.
1032 2185 1066 2196 -
1086 2157 1173 2210 Nunc

112 2245 214 2298 contra
238 2248 422 2305 Averroem,
439 2243 491 2310 qui
511 2243 573 2298 fuit
597 2243 747 2298 doctrinae
770 2244 970 2298 aristotelicae
992 2245 1171 2313 corruptor,

112 2333 273 2387 asserimus
290 2345 353 2401 non
372 2345 438 2387 esse
455 2331 579 2386 unicam
595 2333 731 2386 animam
752 2332 939 2387 rationalem
955 2347 1013 2402 pro
1029 2325 1173 2387 omnibus¹

112 2418 297 2484 homiuibus,
314 2420 367 2474 sed
384 2421 433 2475 tot
452 2435 518 2475 esse
543 2421 664 2476 animas
688 2421 858 2476 rationales
884 2435 939 2476 seu
966 2421 1174 2476 intellectivas

112 2511 181 2574 quot
194 2512 270 2565 sunt
285 2509 438 2564 homines.
456 2510 605 2564 Eumdem
629 2510 694 2564 fere
716 2525 855 2565 errorem
883 2511 1079 2564 renovarunt
1100 2511 1175 2578 qui·

29 2621 31 2670 3
111 2596 174 2652 dam
187 2599 369 2670 philosophi
383 2599 489 2654 saeculi
513 2613 579 2661 xix,
597 2599 734 2654 dicentes
750 2614 816 2654 esse
832 2601 998 2667 quamdam
1015 2596 1173 2653 rationein

112 2684 361 2758 impersonalem,
377 2688 408 2742 id
432 2690 490 2752 est,
514 2688 592 2742 nulli
617 2687 737 2742 homini
757 2689 928 2758 propriam,
952 2688 1004 2744 sed
1030 2689 1173 2742 omnibus

113 2790 316 2832 communem.

142 2905 203 2959 773.
227 2902 442 2958 confutatio.
469 2933 502 2942 -
531 2901 583 2956 Ex'
603 2917 711 2958 errore
737 2905 885 2958 Averrois
909 2898 1012 2958 fluunt
1041 2903 1177 2958 absurda

113 2991 283 3059 ejusmodi:
298 2992 400 3046 totum
417 3006 514 3060 genus
540 2991 712 3046 humanum
736 2993 818 3048 esset
837 3005 946 3061 reapse
969 3007 1050 3048 unus
1069 2993 1174 3058 homo,

112 3081 176 3134 cum
192 3083 310 3136 natura
325 3080 461 3135 humana
476 3081 689 3136 constituatur
704 3079 880 3136 formaliter
891 3081 957 3136 solat
970 3081 1075 3136 animat
1087 3081 1176 3135 intel-

113 3169 231 3234 lectiva,
252 3171 435 3225 nouantem
456 3169 561 3224 animia
580 3169 741 3233 sensitiva,
758 3185 826 3238 quae
841 3170 989 3224 animalia
1009 3170 1176 3225 constituit

112 3259 139 3312 et
151 3258 312 3330 specificat
326 3259 374 3329 (2).
391 3260 555 3323 Praeterea,
573 3259 599 3314 si
614 3258 696 3313 idem
711 3259 890 3314 intellectus
907 3273 961 3314 seu
974 3259 1079 3313 eadem
1093 3258 1175 3319 ratio

112 3346 270 3402 invenitur
284 3347 316 3400 in
338 3347 468 3415 singulis
491 3346 670 3408 hominibus
696 3346 833 3417 (proprie
849 3349 881 3402 et
904 3347 1042 3411 realiter,
1058 3347 1089 3401 et
1113 3361 1174 3400 non

112 3435 203 3504 logice
237 3433 386 3504 tantiam),
409 3435 516 3490 eadem
544 3436 726 3490 invenietur
749 3436 907 3497 voluntas,
932 3436 1002 3490 oiim
1029 3436 1175 3514 voluntas

110 3528 256 3592 sequatur
269 3523 463 3579 intellectum
485 3524 536 3578 vel
554 3525 708 3580 rationem
723 3541 729 3589 ;
745 3524 827 3579 idem
845 3525 940 3580 etiam
960 3524 1022 3579 erit
1040 3525 1174 3580 liberum

138 3702 170 3758 111
185 3701 227 3750 Cf.
243 3700 372 3757 Ziu¹iara,
386 3701 424 3747 Dc
435 3708 526 3747 mente
537 3699 657 3748 Consilii
676 3701 856 3755 1711100011,Ι
868 3727 897 3736 -
907 3700 1077 3764 Bourquard,
1096 3702 1176 3748 i'En,

111 3763 229 3825 cpcliquc
241 3783 253 3806 «
269 3764 385 3811 ,Eicrai
404 3761 509 3810 Patris.
523 3781 535 3805 »

138 3833 170 3894 (2)
187 3836 223 3881 Cf.
244 3837 269 3882 S.
289 3834 351 3888 l'ir,
373 3832 395 3878 la
412 3870 417 3888 ,
436 3847 452 3894 q
481 3832 520 3888 ia,
533 3847 559 3882 a.
578 3833 602 3890 ⁶2,
620 3832 667 3880 ubi
684 3832 814 3881 livarroes
831 3833 918 3881 fusius
931 3833 1096 3881 confutatur.

1045 3956 1054 3988 13
