2790 4546
173 328 229 384 250
589 339 643 382 Jus
663 339 836 382 serenans

176 454 268 523 quem
283 467 359 508 vera
379 451 500 520 religio,
518 451 570 507 sed
596 450 669 519 quia
691 448 820 505 exhibet
839 449 959 504 cultum
975 447 1117 504 divinum
1134 451 1188 506 vel
1202 451 1258 506 cui

178 555 239 599 non
255 542 356 606 debet,
372 541 422 596 vel
438 555 474 596 eo
489 539 580 596 modo
596 553 656 608 quo
672 553 734 594 non
751 538 850 594 debet.
874 557 887 588 ι
902 537 952 608 (1).

217 666 295 723 1251.
314 665 452 736 Religio
467 664 605 720 cultum
621 663 803 733 importat.
821 694 855 702 -
870 663 947 718 Nam
958 663 1062 718 cultus
1077 664 1126 718 est
1140 663 1258 732 religio

177 756 324 826 practica,
341 769 402 809 non
418 755 465 810 est
480 754 540 810 nisi
564 767 636 824 pars
659 752 820 821 religionis
842 766 911 820 quae
935 750 1090 807 actionem
1105 752 1251 822 respicit.

216 843 324 899 Cultus
339 843 444 898 autem
461 842 504 898 sit
518 844 582 900 tam
598 842 749 897 externus
759 839 853 909 quem
869 839 1013 896 internus
1025 842 1161 911 oportet.
1175 843 1253 895 Nam

178 934 265 989 totus
280 933 384 997 homo,
401 932 467 988 sive
482 931 656 994 rationalis,
673 931 740 985 sive
755 928 921 993 sensibilis,
939 928 1029 984 debet
1051 929 1194 984 ordinari
1210 928 1252 985 ad

179 1023 275 1077 Deum
296 1021 328 1077 et
347 1022 391 1076 sic
410 1020 589 1076 omnimodo
609 1018 727 1091 perlici.
745 1019 973 1088 Insuper,oi1m
998 1018 1092 1074 bomo
1118 1017 1161 1073 sit
1180 1019 1256 1074 sub-

178 1111 370 1166 stantialiter
384 1123 476 1174 unus,
492 1109 597 1164 anima
611 1108 680 1176 eius
702 1107 843 1163 sensibus
864 1109 895 1163 et
914 1107 1011 1176 signis
1032 1107 1079 1162 uti
1100 1105 1191 1162 debet
1209 1107 1252 1162 ad

177 1198 341 1255 colendum
356 1199 464 1252 Deum.
486 1199 551 1252 lluc
564 1197 707 1268 spectant
726 1195 905 1264 sequentia:

215 1308 276 1360 Deo
290 1304 501 1359 reverentiam
516 1305 547 1358 et
562 1303 712 1357 honorem
732 1301 927 1364 exhibemus,
945 1315 1006 1355 non
1022 1302 1153 1372 propter
1169 1302 1251 1371 seip-

180 1389 261 1438 sum,
277 1375 352 1444 quia
365 1388 405 1430 ex
432 1375 534 1444 seipso
557 1377 605 1429 est
630 1372 732 1442 gloriis
749 1373 871 1443 plenus,
889 1373 940 1426 cui
962 1372 1042 1426 nibil
1064 1386 1083 1426 a
1104 1372 1255 1427 creaturis

179 1447 273 1516 adjici
288 1447 402 1516 potest,
420 1445 473 1500 sed
497 1445 626 1516 propter
648 1459 714 1499 nos.
738 1443 813 1511 quia
835 1443 983 1498 videlicet
1001 1457 1058 1512 per
1086 1442 1145 1498 hoc
1169 1444 1255 1512 quod

178 1520 273 1572 Deum
291 1530 476 1572 reveremur
490 1515 733 1576 ethonomus,
750 1528 837 1568 mens
854 1517 962 1569 nostra
975 1514 1003 1568 ei
1019 1514 1203 1583 subjicitur;
1220 1516 1255 1570 et

180 1589 212 1642 in
228 1585 286 1644 boc
301 1588 370 1656 eJus
392 1586 543 1713 perfectio
562 1586 715 1642 consistit.
733 1584 987 1668 Quaelibetuenim
1011 1599 1061 1640 res
1085 1584 1256 1656 perficitur

179 1674 237 1729 per
256 1658 314 1713 boe
329 1661 389 1725 qud
426 1657 573 1713 subditur
593 1671 649 1713 suo
671 1670 847 1726 supermrr:
872 1659 955 1711 sicut
977 1670 1090 1724 eorpus
1112 1670 1169 1726 per
1190 1656 1254 1712 hoc

180 1730 263 1798 quod
278 1727 460 1784 vivificatur
474 1729 512 1783 ab
528 1728 641 1791 anime,
659 1730 690 1782 et
705 1741 759 1782 aer
772 1742 829 1797 per
845 1727 901 1782 boc
915 1726 997 1794 quod
1013 1727 1214 1782 illuminatur
1235 1741 1256 1782 a

182 1800 260 1856 sole.
278 1803 364 1856 Mens
380 1807 484 1855 autem
501 1798 639 1855 humana
658 1799 789 1867 indiget,
808 1797 920 1853 adhoc
939 1798 1021 1864 quod
1037 1797 1257 1866 conjungatur

181 1874 251 1934 Deo,
274 1871 469 1926 sensibilium
496 1870 750 1932 manuductione,
775 1884 844 1937 ques
865 1866 1038 1923 invisibilia
1053 1867 1114 1922 Dei
1133 1884 1190 1942 per
1213 1884 1256 1922 ea

181 1941 351 2012 quaefacta
373 1945 446 1995 sunt
465 1941 622 1996 intellecta
643 1938 917 2011 conspiciuntur...
938 1942 974 1995 lit
993 1940 1062 1995 ideo
1086 1940 1119 1994 in
1143 1939 1255 1994 divino

181 2012 269 2068 cultu
284 2027 408 2069 necesse
423 2015 471 2069 est
485 2012 640 2082 aliquibus
651 2011 866 2081 corporalibus
875 2011 932 2073 uti,
943 2011 979 2066 ut
992 2011 1037 2066 eis
1050 2010 1139 2078 quasi
1149 2011 1255 2079 signis

180 2084 365 2152 quibusdam
397 2097 483 2138 mens
510 2083 646 2138 bominis
679 2083 837 2138 excitetur
868 2082 906 2137 ad
940 2082 1120 2150 spirituales
1148 2085 1255 2141 aetus.

181 2155 294 2224 quibus
319 2159 379 2211 Deo
403 2156 617 2224 conjungitur.
633 2156 671 2209 lit
694 2154 763 2208 idco
778 2154 889 2222 religio
905 2152 998 2208 habet
1017 2154 1143 2220 quidem
1165 2153 1255 2207 inte·

179 2226 279 2282 riores
294 2229 382 2283 actus
405 2227 494 2295 quasi
514 2226 713 2296 principales,
730 2228 761 2279 et
776 2239 831 2293 per
852 2223 937 2279 seed
954 2224 1138 2292 religionem
1153 2224 1256 2294 perti-

180 2299 307 2361 nentes:
328 2299 501 2354 exteriores
521 2298 710 2360 verbosius,
729 2296 818 2363 quasi
838 2295 1049 2358 secundarios,
1063 2298 1096 2352 et
1110 2296 1150 2351 ed
1166 2296 1255 2350 inte-

178 2368 279 2424 riores
294 2372 381 2425 aotus
395 2369 554 2424 ordinatos
571 2369 619 2436 (2).

214 2483 329 2539 Deinde
342 2484 445 2539 cultus
461 2483 592 2538 debetur
608 2485 673 2539 tam
689 2483 833 2554 publicus
849 2496 904 2538 seu
924 2481 1048 2537 socialis
1071 2479 1165 2550 quam
1180 2482 1255 2551 pri·

177 2572 281 2628 vatus.
298 2575 374 2627 Nam
389 2575 469 2628 Deus
480 2574 527 2628 est
542 2573 652 2628 auctor
666 2572 825 2627 societatis
838 2571 920 2626 sicut
935 2571 1135 2638 singulorum
1150 2570 1255 2626 bomi-

179 2674 264 2714 num.
283 2662 325 2715 Ex
339 2661 429 2732 parte
446 2662 542 2716 etiam
558 2660 705 2728 hominis,
721 2661 845 2729 oportet
860 2660 897 2714 ut
909 2659 1013 2714 cultus
1028 2658 1070 2714 sit
1084 2657 1231 2728 publicus
1245 2677 1254 2722 ;

178 2762 250 2804 nam
264 2749 356 2806 bomo
372 2752 420 2806 est
434 2765 488 2805 ens
501 2750 625 2807 sociale.
642 2750 717 2804 Hinc
732 2750 797 2804 dies
812 2749 883 2805 sesti
899 2750 931 2804 et
944 2747 1013 2804 aliae
1033 2748 1255 2804 solemnitates

178 2852 247 2906 quae
264 2837 397 2893 multum
414 2839 451 2894 ad
466 2853 573 2909 paoem
586 2838 742 2910 publicam
759 2840 790 2895 et
803 2853 927 2893 morum
938 2838 1168 2894 incrementum
1179 2851 1256 2894 con-

177 2925 261 2982 ferre
275 2929 416 2998 possunt.
488 2957 489 2964 1

214 3016 368 3079 Ceterum,
389 3017 471 3084 qubd
487 3016 591 3071 cultus
606 3016 717 3071 debeat
738 3031 804 3072 esse
824 3017 889 3071 tam
910 3016 1060 3072 externus
1080 3016 1176 3084 quem
1198 3017 1256 3072 in-

179 3105 297 3167 ternus.
315 3106 379 3160 tam
396 3105 540 3176 publicus
560 3104 651 3172 quam
667 3106 812 3175 privatus
827 3106 915 3177 patet
936 3118 1090 3162 consensu
1105 3106 1255 3162 omnium

176 3194 376 3264 populorum.

214 3327 292 3382 1252.
311 3327 549 3398 objectiones.
562 3358 595 3367 -
612 3327 640 3380 1⁰
655 3331 735 3382 Deus
755 3341 817 3382 non
832 3326 952 3400 indiget
975 3326 1135 3395 obsequiis
1158 3341 1256 3383 crea-

176 3417 270 3472 turae.
290 3419 369 3484 Ergo
384 3430 465 3471 vana
480 3418 554 3471 sunt
567 3415 668 3471 officia
687 3415 823 3470 hominis
838 3429 913 3484 erga
927 3420 1034 3472 Deum.
1130 3447 1133 3456 ι

212 3507 304 3585 Reep.
322 3514 454 3582 -Nego
470 3527 661 3582 consequens
683 3514 715 3569 et
734 3514 1006 3582 consequentiam;
1023 3527 1107 3578 nem,
1131 3515 1169 3570 ut
1189 3513 1258 3570 dic·

209 3680 235 3796 l
260 3679 406 3807 liiii:
422 3679 463 3800 ii:
479 3680 545 3794 11.
