2910 4568
227 385 263 438 72
384 452 387 460 Ι
656 399 873 440 rsrcnonoum

228 507 307 562 salso
330 507 480 563 definitur
504 510 653 576 tanquam
680 529 694 559 «
719 507 852 564 facultas
877 509 1046 564 relationes
1064 508 1297 579 percipiendi».

229 599 304 652 Nam
328 597 398 652 aliae
423 599 497 653 sunt
521 599 688 653 relationes
713 597 878 654 abstractae
902 599 934 654 et
954 597 1159 662 universales,
1181 599 1213 653 et
1232 598 1303 654 aliae

227 687 303 740 sunt
316 685 484 744 relationes
495 687 713 758 particulares,
727 687 880 744 concretae
891 687 923 744 et
935 687 1112 742 sensibiles:
1123 686 1178 742 has
1193 690 1300 742 autem

227 789 336 831 sensus
353 777 484 846 possunt
499 777 671 847 percipere.

262 917 324 974 865.
342 919 551 974 Intellectus
566 919 688 974 dillert
702 934 724 974 a
738 919 915 974 sensibus.
927 951 960 959 -
977 919 1155 976 Intellectus
1170 921 1300 990 proprie

228 1007 330 1063 dictus
356 1009 566 1063 essentialiter
589 1009 695 1063 differt
718 1023 736 1062 a
761 1023 863 1072 sensu,
887 1013 923 1063 ut
954 1009 1041 1079 patet
1064 1023 1103 1063 ex
1132 1009 1300 1078 utriusque

230 1096 350 1164 objecto
368 1096 504 1152 formali.
520 1098 651 1161 Etenim,
665 1096 759 1164 Juxta
773 1098 918 1166 adagium
940 1114 946 1150 :
965 1095 1080 1151 Sensus
1096 1099 1139 1152 est
1158 1095 1302 1169 particu-

230 1182 359 1252 larium,
393 1183 476 1239 ratio
501 1188 661 1240 aerdseu
689 1187 866 1242 intellectus
898 1183 1143 1240 uniuersalium.
1179 1188 1303 1243 Revera

229 1288 339 1329 sensus
353 1275 559 1344 apprehendit
572 1275 789 1344 particularia,
807 1275 992 1337 materialia,
1012 1276 1236 1344 contingentia,
1251 1291 1301 1330 ex.

231 1379 277 1432 gr.
292 1363 347 1418 has
362 1363 413 1418 vel
427 1363 497 1418 illas
512 1365 646 1434 plantas,
656 1365 722 1418 haec
733 1365 784 1420 vel
799 1364 853 1418 illa
868 1364 1027 1428 animalia,
1035 1365 1110 1420 dum
1121 1366 1303 1422 intellectus

215 1441 439 1523 apprehendit
466 1455 606 1518 naturas,
640 1454 805 1520 essentias,
835 1450 958 1522 genera,
986 1454 1114 1524 species.
1140 1455 1226 1510 Unde
1242 1455 1305 1510 ob-

228 1541 349 1609 jectum
362 1543 540 1598 intellectus
555 1543 603 1598 est
618 1542 825 1606 immutabile,
844 1543 1033 1609 absolutum,
1050 1543 1304 1613 incorruptibile,

231 1633 357 1700 tempus
376 1634 407 1686 et
423 1632 560 1702 spatium
575 1632 708 1695 excedit,
725 1632 799 1686 dum
813 1633 968 1701 objectum
986 1631 1095 1687 sensus
1116 1633 1163 1687 est
1178 1633 1303 1687 contin-

233 1734 319 1788 gens,
347 1721 526 1784 relativum,
551 1723 692 1790 tempore
719 1723 751 1776 et
775 1721 876 1789 spatio
900 1722 1080 1777 continetur
1096 1721 1181 1789 (vide
1205 1722 1303 1776 etiam

234 1820 268 1864 n⁰
284 1809 358 1878 257).
376 1840 408 1849 -
425 1812 511 1865 Nune
527 1811 632 1864 autem
648 1810 684 1864 de
700 1809 815 1864 natura
833 1809 1012 1865 intellectus
1028 1810 1094 1864 haee
1110 1810 1302 1866 statuimus:

269 1919 448 1972 Tussis-
467 1914 598 1971 Dantur
623 1916 683 1970 duo
715 1915 891 1970 intellectus
922 1935 930 1968 :
960 1917 1082 1988 patiens
1110 1914 1227 1971 scilicet
1247 1933 1303 1972 seu

232 2002 384 2076 possibilis
410 2006 437 2058 et
465 2019 570 2074 agens,
592 2004 646 2075 qui
665 2005 795 2060 realiter
822 2004 1061 2076 distinguuntur
1088 2005 1173 2059 inter
1196 2021 1238 2060 se.
1267 2038 1304 2045 -

236 2093 350 2149 Ceterae
374 2095 448 2148 uero
472 2094 639 2164 facultates
667 2093 871 2159 intellectione,
901 2093 981 2149 sicut
1010 2093 1175 2159 memoria,
1206 2094 1302 2160 ratio,

233 2181 432 2250 conscientia,
449 2199 512 2237 non
533 2182 685 2255 differunt
708 2182 838 2238 realiter
858 2181 894 2236 ab
916 2182 1082 2250 intellectu,
1113 2183 1203 2255 cujus
1227 2191 1303 2239 sunt

234 2269 334 2325 oariae
352 2271 556 2344 operationes.
581 2271 720 2328 -Idem
742 2271 907 2328 dicendum
932 2276 976 2329 est
999 2272 1231 2339 declinatione,
1249 2289 1305 2327 re-

234 2359 376 2432 fleaione,
389 2360 520 2433 judicio,
538 2363 590 2417 etc.
609 2392 643 2403 -
659 2362 747 2424 Quod
762 2361 972 2432 adjudicium
983 2364 1108 2435 spectat,
1127 2364 1171 2416 est
1184 2363 1304 2433 forma-

236 2449 309 2505 liter
323 2454 412 2506 actus
422 2451 606 2519 intellectus,
620 2466 683 2506 non
701 2453 808 2506 autern
823 2451 1003 2505 voluntatis.
1021 2450 1090 2508 licet
1110 2469 1129 2506 a
1144 2451 1307 2506 uoluntate

233 2540 305 2612 plus
323 2539 465 2594 ticinusve
480 2539 660 2612 dependeat.

271 2685 336 2738 866.
355 2682 409 2737 De
424 2683 563 2739 duobus
578 2683 828 2739 intellectibus
848 2698 855 2739 :
877 2677 1012 2753 agente
1027 2688 1065 2739 et
1079 2684 1252 2754 patiente.
1272 2712 1306 2724 —

237 2773 278 2826 Ut
292 2771 367 2824 alibi
383 2761 574 2842 explicatum
590 2773 647 2836 est,
664 2772 701 2826 de
714 2772 864 2842 potentiis
879 2773 912 2826 in
928 2787 1040 2841 genere
1056 2774 1102 2842 (n0
1117 2772 1193 2842 802),
1208 2773 1307 2828 intel-

238 2860 337 2914 lectus
352 2859 469 2914 dicitur
482 2873 577 2928 agens
591 2860 640 2914 vel
656 2860 778 2930 patiens
793 2863 924 2931 propter
943 2860 1100 2930 obJ‘ectum
1121 2875 1224 2916 suum.
1243 2863 1305 2916 Hoc

237 2947 321 3003 enim
337 2949 428 3004 modo
444 2949 491 3004 est
501 2946 698 3021 principium
720 2949 852 3005 actionis
872 2950 1060 3015 intellectus,
1082 2952 1114 3006 et
1129 2950 1219 3005 modo
1236 2952 1305 3005 ter-

238 3034 359 3092 minus.
388 3037 472 3092 Unde
494 3037 673 3094 intellectus
697 3039 788 3094 modo
803 3037 899 3094 estin
922 3041 994 3094 actu
1019 3041 1165 3109 respectu
1187 3039 1303 3108 abjecti

237 3127 297 3192 sui,
314 3127 392 3182 illud
407 3125 578 3193 efficiendo,
604 3129 635 3183 et
649 3129 725 3184 tunc
745 3128 861 3183 dicitur
882 3128 1060 3184 intellectus
1084 3143 1193 3197 agens;
1211 3129 1304 3184 modo

237 3219 286 3273 est
304 3215 339 3270 in
349 3214 654 3306 potentiarespectu
674 3216 789 3284 objecti
809 3218 868 3281 sui,
892 3217 969 3274 illud
984 3217 1132 3289 patiendo
1150 3232 1205 3273 seu
1220 3219 1305 3274 reci-

237 3305 361 3376 piendo,
376 3308 407 3361 et
422 3307 497 3361 tunc
512 3304 630 3361 dicitur
642 3301 820 3362 intellectus
835 3307 967 3377 patiens.
985 3306 1070 3372 Quod
1092 3307 1136 3362 sio
1158 3307 1305 3363 demons-

238 3395 343 3450 tratur
358 3409 415 3465 per
429 3396 544 3466 partes.
560 3396 666 3450 Primo
682 3411 688 3448 :

276 3537 338 3592 867.
359 3538 477 3593 Datur
490 3538 700 3593 intellectus
714 3538 873 3607 patiens.
898 3567 932 3576 —
954 3540 980 3592 lo
1004 3539 1184 3594 Intellectus
1200 3541 1309 3596 noster

241 3628 289 3683 est
303 3627 335 3680 in
353 3627 495 3698 potentia
510 3629 653 3697 respectu
674 3625 786 3694 obiecti
803 3627 862 3693 sui,
877 3627 997 3683 scilicet
1018 3629 1161 3697 respectu
1182 3627 1311 3684 univer·

240 3715 314 3772 salis
330 3717 361 3772 et
381 3716 605 3785 ouJusoumque
629 3716 706 3772 veri.
733 3715 915 3772 Universale
940 3715 1023 3771 enim
1058 3724 1089 3771 et
1115 3731 1227 3772 verum
1248 3731 1315 3774 non

241 3805 416 3876 dependent
438 3805 476 3860 ab
505 3806 666 3861 intellectu
691 3807 809 3872 nostra,
834 3805 888 3862 sed
911 3805 1001 3860 illum
1033 3804 1246 3862 determinant
1280 3809 1337 3864 et·
