2790 4546
331 386 430 430 carus
447 386 559 428 Lxxrir.
577 401 610 412 -
625 381 674 426 rs⁰⁸
692 371 771 435 1228,
790 371 867 427 1229.
1084 373 1137 430 237

112 497 183 551 Sane
201 496 276 564 legis
300 496 445 552 humanae
468 509 530 552 non
551 497 599 551 est
617 496 723 552 omnia
742 495 824 552 vitia
846 495 1064 566 cohibere(1);
1084 498 1137 552 sed

88 583 200 655 oportet
213 584 248 640 ut
271 585 314 640 sit
328 585 427 654 justo,
448 584 588 649 honesta,
604 583 760 654 possibilis
784 584 955 639 seeundum
981 585 1138 650 naturam,

87 672 243 728 secundum
271 673 383 744 patriae
407 673 676 744 consuetudinem,
705 672 773 728 loco
800 673 998 743 temporique
1025 687 1140 730 conve·

89 762 177 830 niens,
190 762 363 817 necessaria
377 764 432 818 aut
442 761 540 825 utilis.
556 759 723 818 manifesta
737 762 769 816 et
779 775 835 832 pro
851 762 1010 817 communi
1023 763 1138 820 civium

89 851 213 906 utilitate
230 849 348 922 scripta
370 849 418 922 (2).
440 849 614 921 optandum
644 854 691 904 est
717 851 754 905 ut
772 851 854 919 leges
878 864 940 905 non
964 850 1028 906 sint
1046 853 1143 909 innu-

89 952 188 1006 merae3
209 955 279 995 nam
300 959 313 990 o
331 939 475 1012 pessimae
497 939 676 1009 reipublicae
698 939 844 1010 plurimae
867 939 950 1008 leges
964 958 990 991 s.
1014 939 1143 994 Necesse

16 1085 17 1088 ,
90 1028 130 1083 est
142 1029 237 1084 adhuc
251 1027 334 1097 leges
354 1028 507 1084 humanas
522 1041 588 1084 esse
609 1027 736 1083 stabiles
760 1027 806 1083 ita
824 1029 930 1084 tamen
945 1029 982 1084 ut
1001 1041 1143 1099 progres·
1238 1053 1240 1058 ·

15 1119 17 1180 l
93 1130 152 1172 sum
165 1131 225 1173 non
244 1117 418 1188 impediant
436 1117 484 1188 (3).

15 1231 17 1316 ζ
119 1241 192 1298 1229.
222 1243 273 1297 De
298 1242 390 1312 lepis
417 1241 648 1311 obliqatlone.
678 1273 713 1281 -
748 1243 842 1310 Leges
871 1242 1016 1324 laumense
1044 1241 1140 1311 Justee

15 1325 16 1360 ³
89 1329 213 1399 obligant
225 1331 258 1387 in
278 1329 485 1395 conscientid3
506 1329 632 1398 inJustae
651 1331 756 1386 autem
773 1332 829 1386 aut
851 1331 976 1386 aliunde
992 1329 1139 1384 invalidae

15 1405 16 1424 ³
89 1422 207 1489 possunt
234 1419 374 1489 obligare
405 1433 463 1491 per
490 1419 642 1485 accidens,
674 1420 805 1490 propter
833 1419 1013 1474 scandalum
1039 1419 1142 1474 vitan-

15 1545 16 1570 .
89 1507 149 1564 dum
174 1511 229 1566 aut
250 1509 329 1564 alias
354 1509 618 1580 circumstantias.
647 1511 744 1573 Quam
769 1509 943 1564 doctrinam
973 1509 1017 1564 sic
1044 1509 1143 1564 tradit

15 1605 16 1614 ¹
87 1599 113 1653 S.
127 1599 205 1654 Th.:

116 1707 201 1775 Leges
216 1705 328 1775 positae
343 1705 526 1760 humanitus
545 1705 596 1760 vel
612 1706 687 1760 sunt
700 1705 797 1773 justae
809 1705 860 1760 vel
876 1705 1013 1774 injustae.
1031 1704 1061 1759 Si
1074 1707 1143 1772 qui-

15 1797 16 1806 *
88 1774 144 1830 (lem
156 1779 251 1846 justae
267 1777 342 1839 sint,
363 1777 480 1832 habent
497 1777 560 1831 vim
581 1776 739 1844 obligandi
759 1777 792 1831 in
815 1775 883 1831 foro
904 1776 1101 1832 conscientiae
1124 1791 1142 1830 a

15 1889 16 1898 ,
86 1846 142 1915 lege
155 1847 282 1908 aeterna.
299 1862 318 1902 a
332 1848 394 1915 qua
408 1848 632 1903 derivantur...
648 1847 801 1902 Dicuntur
814 1850 918 1903 autem
939 1846 1021 1914 leges
1032 1847 1140 1915 J'ustoe,

15 1921 16 1974 Τ
88 1921 161 1973 etex
181 1918 252 1983 line,
266 1919 389 1986 quando
414 1919 533 1974 scilicet
552 1917 740 1973 ordinantur
760 1918 799 1973 ad
820 1918 936 1974 bonurn
956 1931 1140 1982 commune;

15 2019 16 2024 κ
88 1989 114 2044 et
128 2004 162 2044 ex
176 1992 314 2054 auctore,
330 1990 452 2056 quando
468 1989 585 2045 scilicet
600 1989 651 2044 lex
665 1989 729 2044 lata
743 2003 805 2044 non
819 1990 942 2044 excedit
956 1989 1140 2058 potestatem

88 2057 220 2126 ferentis;
238 2063 322 2116 etex
337 2060 448 2124 forma.
465 2060 588 2129 quando
603 2060 721 2115 scilicet
736 2061 905 2115 secundum
929 2060 1139 2128 aequalitatem

88 2132 288 2202 proportionis
302 2132 510 2202 imponuntur
525 2131 658 2186 subditis
674 2145 769 2186 onera
788 2133 819 2185 in
835 2132 943 2186 ordine
964 2131 1003 2185 ad
1025 2129 1140 2186 bonum

88 2213 279 2258 commune...
297 2203 423 2271 injustae
445 2204 550 2258 autem
567 2205 641 2258 sunt
664 2203 747 2270 leges
766 2202 956 2271 dupliciter:
973 2215 1035 2256 uno
1052 2203 1142 2257 modo

87 2286 136 2340 par
148 2275 399 2330 contrarietatem
413 2274 451 2329 ad
467 2274 582 2329 bonum
594 2287 759 2328 commune
769 2288 785 2328 e
796 2273 954 2328 contrario
965 2273 1139 2341 praedictis:

87 2343 264 2408 velarine,
281 2346 365 2400 sicut
386 2345 456 2400 clim
480 2345 593 2410 aliquis
616 2344 786 2414 praesidens
810 2345 893 2413 leges
915 2343 1049 2412 imponit
1073 2357 1143 2398 one·

87 2426 163 2471 rosas
177 2417 320 2480 subditis,
337 2430 397 2471 non
413 2416 606 2487 pertinentes
626 2415 664 2470 ad
679 2414 850 2470 utilitatem
865 2429 1073 2479 communem,
1090 2414 1143 2469 sed

89 2487 176 2555 magis
194 2489 232 2544 ad
254 2488 415 2558 propriam
435 2487 640 2556 cupiditatem
662 2487 714 2540 vel
738 2485 890 2555 gloriam;
912 2486 963 2540 vel
985 2486 1080 2540 etiam
1104 2500 1144 2540 ex

88 2561 214 2623 auctore,
236 2560 321 2614 sicut
343 2559 413 2613 clim
436 2558 549 2626 aliquis
569 2559 668 2626 legem
684 2557 746 2612 sert
767 2557 852 2612 ultra
870 2556 929 2611 sibi
945 2557 1142 2612 commissam

88 2631 282 2696 potestatem
298 2629 350 2684 vel
365 2630 458 2685 etiam
475 2644 513 2684 ex
527 2627 640 2689 forma,
655 2628 733 2697 puta
748 2629 819 2682 cum
833 2627 1030 2696 inaequaliter
1048 2641 1144 2682 onera

89 2699 271 2756 multitudini
288 2701 520 2770 dispensantur,
532 2700 657 2755 etiarnsi
673 2699 860 2754 ordinentur
874 2699 913 2753 ad
924 2698 1040 2754 bonum
1056 2712 1143 2753 corn-

90 2781 186 2826 mune.
204 2773 240 2828 Et
256 2771 438 2839 hujusmodi
454 2771 553 2839 magis
568 2770 810 2825 suntviolentiae
825 2769 918 2838 quam
939 2770 1041 2838 leges:
1059 2769 1142 2837 quia,

88 2839 162 2896 sicut
180 2843 373 2912 Augustinus
398 2842 506 2897 dicit...
530 2861 543 2893 ι
563 2841 614 2897 lex
637 2855 785 2896 essenon
807 2841 943 2905 videtur,
971 2855 1039 2910 quac
1056 2838 1145 2906 justa

90 2923 146 2966 non
158 2913 252 2969 luerit
267 2933 293 2968 ».
311 2913 397 2968 Unde
411 2912 490 2968 tales
506 2914 588 2980 leges
612 2926 674 2967 non
693 2911 832 2980 obligent
849 2912 966 2968 infore
982 2912 1144 2967 conscien-

89 2979 146 3046 tiae,
161 2985 217 3040 nisi
231 2984 315 3040 forte
329 2985 458 3054 propter
476 2983 638 3039 vitandum
654 2983 834 3038 scandalum
850 2983 901 3037 vel
915 2983 1142 3045 turbationem;

88 3055 301 3174 propterquod
317 3054 411 3110 etiam
429 3053 521 3110 homo
533 3054 600 3123 J‘uri
615 3068 671 3109 suo
691 3053 782 3109 debet
804 3053 947 3108 cedere...
963 3054 1030 3108 Alio
1054 3052 1145 3107 modo

100 3136 164 3190 eges
177 3126 308 3197 possunt
321 3140 388 3181 esse
407 3124 611 3195 inJustaeper
627 3125 882 3180 contrarietatem
905 3124 943 3179 ed
963 3124 1077 3179 bonum
1094 3123 1145 3177 di-

88 3192 197 3260 vinum,
218 3199 300 3253 sicut
317 3197 399 3266 leges
422 3199 631 3266 tyrannorum
655 3196 836 3250 inducentes
858 3195 897 3250 ad
923 3193 1144 3256 idololatriam,
1236 3209 1239 3215 ·

88 3265 131 3318 vel
147 3267 181 3321 ad
196 3269 410 3336 quodcumque
424 3267 510 3322 aliud
525 3267 607 3335 quod
628 3267 671 3322 sit
685 3268 795 3322 contra
818 3267 917 3334 legem
942 3265 1097 3326 divinam3
1115 3266 1147 3319 et

88 3333 160 3391 tales
178 3339 257 3408 leges
281 3338 369 3395 nullo
392 3339 482 3394 modo
507 3338 579 3393 licet
604 3336 782 3400 observare,
807 3337 889 3405 quia,
921 3336 1003 3392 sicut
1030 3335 1146 3392 dicitur

90 3403 163 3472 (Act.
179 3415 230 3482 ιν),
247 3407 369 3465 obedire
384 3409 500 3481 oportet
514 3405 580 3462 Deo
594 3405 694 3479 mopis
709 3410 805 3478 quom
819 3403 994 3462 hominibus
1008 3405 1056 3476 (4).

115 3553 414 3643 ommamat

116 3645 425 3714 cmmomaa

115 3715 412 3784 mmaamsa

113 3787 434 3854 mnmpmaa
