2910 4568
251 401 351 442 carun
366 400 451 440 xcix.
468 415 502 423 -
516 393 565 438 Nos
576 379 1062 451 836‚-837‚838‚839‚810,selcia.
1159 380 1197 438 63

162 511 225 568 839.
243 509 425 570 Quomodo
444 518 576 580 corpus
594 511 652 564 est
671 507 851 578 objectum
866 507 1097 564 consolentlae
1116 522 1197 564 sen·

125 600 254 657 sibilis.
270 599 475 667 -Quidquid
496 598 547 663 sit,
570 612 627 668 per
646 611 773 654 sensnm
792 611 989 652 communem
1009 597 1102 652 homo
1124 611 1197 668 cog-

127 690 304 746 noscitnon
324 689 426 744 sellim
448 686 641 743 sensationes
670 700 742 742 suas
765 686 817 742 sed
842 685 937 742 etiam
962 700 1053 742 suum
1069 700 1195 757 corpus,

127 779 208 846 quod
233 778 282 834 est
296 778 409 832 harum
431 775 644 832 sensationum
668 774 857 844 subjectum.
877 776 1072 831 Erraverunt
1096 775 1197 845 igitur

128 866 205 922 Reid
219 867 251 922 et
265 864 443 922 Gondillac:
468 864 554 928 Reid,
570 863 624 932 qui
643 863 803 919 contendit
822 877 935 932 corpus
955 864 1100 932 cognosci
1117 879 1196 920 ncn-

126 955 188 1010 nisi
209 953 436 1016 ratiocinando,
462 952 583 1008 scilicet
604 951 637 1006 vi
659 951 805 1023 principii
830 952 1025 1016 substantiae,
1046 953 1128 1022 qnod
1152 954 1197 1010 sic

125 1043 261 1114 proponi
275 1042 378 1112 potest
393 1058 400 1096 τ
417 1042 483 1096 Non
502 1042 551 1096 est
567 1040 702 1096 sensatio
722 1054 778 1096 sen
793 1041 936 1097 accidens
951 1041 1017 1098 sine
1037 1041 1196 1110 subJ'ect03

125 1163 160 1172 -
175 1131 343 1193 condinae,
359 1131 412 1200 qui
427 1129 588 1186 contendit
602 1130 760 1186 hominem
779 1131 916 1200 seipsum
932 1144 1119 1200 cognoscere
1142 1145 1196 1187 so·

124 1219 289 1276 lummodo
303 1220 451 1288 tanquam
470 1219 685 1288 sensationum
707 1217 933 1282 collectionem,
958 1219 1026 1283 Sed,
1047 1221 1199 1291 utsupra

123 1311 289 1366 ostensum
305 1309 363 1372 est,
379 1307 561 1371 accidentia,
582 1307 774 1378 proindeque
792 1307 994 1373 causationes,
1011 1323 1073 1364 non
1092 1309 1197 1378 perci-

123 1399 262 1470 piuntur
280 1397 347 1452 sine
362 1395 539 1452 substantia
560 1395 611 1451 cui
625 1395 782 1452 inhaerent
797 1412 804 1450 ε
821 1396 1006 1452 substantiae
1021 1397 1104 1452 enim
1122 1401 1197 1455 sunt

123 1487 292 1544 sensibiles
302 1501 362 1558 per
376 1481 529 1539 accidens.

159 1639 229 1694 840.
242 1636 375 1692 Utrum
389 1635 426 1691 id
440 1636 536 1706 quod
547 1635 663 1707 primo
677 1635 836 1692 sentitur
854 1636 903 1692 sit
917 1651 1048 1708 corpus
1061 1638 1193 1709 ipsum.

124 1726 273 1782 Occurrit
286 1725 349 1782 alia
362 1725 494 1794 quaestio
517 1725 643 1794 gravis:
665 1728 712 1780 An
733 1725 925 1782 conscientia
947 1727 1100 1783 sensitiva
1124 1730 1197 1797 agat

123 1818 199 1872 ante
215 1814 268 1870 vel
277 1815 349 1884 post
361 1827 470 1869 sensus
485 1817 633 1869 externos
643 1809 655 1866 i
666 1814 744 1871 Aliis
757 1815 877 1870 verbis:
889 1818 935 1870 An
952 1815 1045 1871 homo
1060 1817 1198 1886 seipsum

124 1904 246 1961 sentiat
259 1904 427 1970 antequam
442 1902 565 1971 objecta
579 1904 710 1958 externa
723 1903 878 1973 percipiat
890 1906 900 1958 l
916 1934 950 1944 -
965 1905 1198 1975 Respondemus

124 1993 339 2050 sensationem
362 1992 526 2048 externam
545 2005 612 2048 esse
637 1991 752 2048 nature
773 1992 832 2048 sua
857 1993 996 2064 priorem
1021 1994 1197 2050 sensatione

123 2081 263 2138 interna.
280 2081 356 2136 Nam
370 2079 529 2148 objectum
548 2094 670 2150 semper
684 2083 884 2149 cognoscitur
905 2084 978 2162 ante
999 2081 1200 2150 subjectum;

121 2259 214 2314 aliud
238 2257 329 2326 quam
352 2259 500 2329 seipsam.
528 2258 694 2322 Praeterea,
717 2259 787 2314 ciim
812 2259 969 2341 objectum
996 2261 1195 2317 conscientiae

121 2347 286 2404 sensitiva
301 2347 366 2402 sint
384 2347 577 2402 sensationes
592 2348 743 2416 externae,
758 2349 899 2419 operatio
919 2347 1014 2416 huius
1034 2349 1196 2405 conscien-

119 2435 174 2492 tiae
190 2435 425 2506 perceptionem
441 2436 616 2500 externam,
632 2437 742 2491 saltem
758 2437 989 2508 perceptionem
1005 2436 1118 2501 tactis,
1136 2451 1193 2493 ne-

120 2523 261 2580 cessario
277 2524 438 2594 supponit.

156 2667 224 2721 841,
248 2664 527 2721 Animadvereio
553 2665 592 2721 ln
615 2665 850 2722 Rosminium.
876 2697 910 2706 -
936 2668 1012 2722 Hinc
1036 2667 1197 2736 rejicimus

121 2753 315 2811 sententiam
331 2753 483 2808 Rosminii
498 2753 630 2810 dicentis
651 2768 778 2810 sensum
801 2755 961 2811 internum
986 2771 1053 2812 esse
1075 2771 1201 2828 percep·

121 2845 244 2902 tionem
266 2844 462 2900 constantem
486 2845 607 2914 proprii
631 2845 789 2915 corporis;
816 2846 1009 2903 sensationes
1038 2849 1115 2902 vero
1140 2863 1200 2904 ex-

121 2934 232 2989 ternas
254 2945 322 2988 esse
342 2933 586 2988 modificationes
601 2933 698 3001 huJus
722 2933 831 2990 sensus
851 2933 1197 3002 fundamentalis31mc

122 3021 182 3078 hoc
198 3021 309 3076 eodem
324 3035 417 3078 sensu
430 3021 582 3078 constitui
597 3023 744 3078 unionem
757 3023 870 3078 animae
886 3025 917 3078 et
929 3025 1081 3095 corporis.

158 3150 195 3160 -
211 3118 269 3176 Sed
283 3119 443 3190 perceptio
459 3121 508 3174 vel
527 3120 663 3176 sensatio
685 3121 806 3192 proprii
830 3122 970 3192 corporis
993 3123 1138 3192 exsurgit
1159 3136 1199 3178 ex

122 3209 243 3264 unione
264 3207 376 3263 animae
396 3209 428 3264 et
446 3209 598 3280 corporis,
613 3223 682 3264 eam
701 3211 806 3265 autem
829 3209 950 3265 efficere
970 3212 1092 3279 nequit.
1112 3213 1195 3275 Quc-

123 3296 219 3352 modo
234 3296 319 3351 enim
342 3297 447 3352 anima
468 3297 601 3354 sentiret
622 3311 746 3368 corpus,
771 3298 832 3354 nisi
853 3295 918 3368 jem
938 3313 1009 3353 cum
1034 3300 1102 3368 ipsc
1128 3298 1203 3355 uni·

122 3385 226 3449 retur,
243 3384 315 3439 ciam
333 3385 523 3456 principium
536 3387 723 3442 sensationis
739 3385 849 3443 debeat
863 3401 930 3442 esse
951 3387 1045 3444 simul
1061 3386 1197 3458 simplex

123 3476 155 3530 et
179 3469 414 3544 composituml
442 3475 555 3530 Deinde
577 3475 731 3545 quomodo
756 3476 831 3532 unio
855 3477 968 3530 animae
993 3477 1025 3530 et
1051 3478 1204 3549 corporis

124 3562 376 3619 constitueretur
386 3562 443 3618 hac
453 3564 650 3634 perceptione
663 3565 713 3620 vel
728 3565 912 3629 sensatione,
929 3578 998 3634 quae
1014 3567 1062 3620 est
1076 3579 1200 3622 merum

125 3650 284 3716 accidens,
300 3650 373 3706 dum
390 3653 464 3707 unic
477 3653 589 3709 animae
602 3653 634 3709 et
646 3653 786 3724 corporis
802 3654 850 3709 est
868 3652 1108 3710 substantialisl

162 3801 233 3859 842.
262 3803 314 3859 De
335 3804 422 3859 sede
447 3805 677 3862 conscientiae
705 3805 897 3863 sensibilis.
922 3806 1068 3862 —Sedes
1095 3807 1200 3863 autem
