2910 4568
297 435 399 479 carun
417 436 505 478 xn111.
524 451 556 463 -
571 433 621 478 κο·
635 423 699 488 727,
714 423 779 489 728,
794 422 859 488 729,
874 421 938 490 730,
953 421 1017 478 731.
1162 421 1192 473 ll

155 543 218 598 729.
237 545 493 602 conclusiones
502 551 628 602 contra
644 547 831 604 sensistns.
849 577 882 588 -
904 546 1099 602 llrraveruut
1112 543 1196 616 pari-

122 636 254 688 tertum
278 637 420 691 sensistae
443 637 565 692 veteres
589 636 798 708 (Heraclitus),
821 637 874 707 qui
907 635 1061 708 putabant
1088 633 1193 690 omnia

122 720 219 778 fluere
231 726 266 779 et
284 724 362 790 lieri,
379 723 458 780 nibil
479 726 585 781 autem
601 725 782 791 subsistere,
799 729 866 782 tum
882 725 1024 781 sensistae
1039 723 1191 788 moderni,

120 811 173 880 qui
188 813 456 869 existimaverunt
475 827 531 870 nos
555 828 617 870 non
638 829 825 886 cognoscere
848 814 910 870 nisi
934 814 1127 870 sensationes
1142 811 1193 868 vel

119 900 301 958 affectiones
315 908 449 959 nostras.

157 989 214 1047 Sed
234 993 346 1047 eontra
369 993 584 1062 cognoscimus
611 993 791 1050 affectiones
814 1007 893 1062 quas
916 991 1099 1062 experimur
1124 1003 1193 1048 esse

120 1081 245 1133 nostras
253 1097 265 1144 ;
285 1082 366 1137 unde
381 1083 558 1151 subjectum
574 1097 629 1139 seu
644 1081 852 1140 substantiam
868 1081 963 1138 simul
976 1095 1047 1138 cum
1065 1079 1192 1137 modili-

121 1168 301 1226 cationibus
316 1171 546 1240 cognoscimus.

156 1258 273 1313 Deinde
297 1259 429 1329 singulae
451 1262 645 1318 sensationes
673 1262 724 1318 vel
755 1261 824 1318 aliae
854 1259 1101 1318 modificationes
1130 1272 1191 1314 non

118 1347 347 1418 concipiuntur
367 1349 434 1406 sine
456 1350 597 1420 subjecto
616 1351 650 1406 in
674 1365 735 1420 quo
759 1351 869 1407 insunt
890 1353 922 1406 et
941 1349 974 1404 iu
993 1361 1054 1417 quo
1069 1347 1195 1404 soctan·

122 1437 187 1491 tur.

155 1526 273 1591 Tertio,
289 1527 359 1598 ipsa
373 1529 528 1586 successio
543 1529 757 1585 sensationum
770 1529 818 1584 vel
833 1527 966 1584 aliarum
982 1524 1193 1582 modilloalio-

119 1629 196 1671 num
217 1615 371 1687 importat
386 1618 510 1686 aliquod
530 1617 718 1686 subJ'ectum,
735 1617 817 1685 quod
840 1617 983 1673 remanet
1004 1615 1096 1670 idem.
1114 1611 1193 1668 Sane

120 1718 183 1760 non
205 1707 423 1774 cognoscimus
445 1708 595 1764 intuitive
614 1708 712 1776 ipsam
728 1707 896 1763 essentiam
916 1705 1040 1768 anima,
1055 1703 1191 1759 sedeam

119 1795 388 1865 apprehendimus
410 1811 466 1866 per
488 1797 557 1866 eius
581 1800 688 1863 actus;
705 1797 827 1860 deinde,
853 1793 1079 1856 ratiocinando,
1096 1791 1195 1848 deve·

120 1882 226 1939 nimus
241 1883 497 1954 incognitionem
515 1885 586 1957 plus
602 1887 747 1942 minusve
761 1885 942 1957 perlectam,
956 1885 992 1939 ut
1003 1881 1087 1938 inira
1096 1880 1195 1952 expli-

118 1971 256 2028 cabitur.

155 2105 219 2161 730.
237 2107 329 2164 Aliae
344 2109 599 2166 conclusiones.
616 2139 650 2150 -
672 2112 716 2164 Ex
741 2107 833 2165 dietis
856 2107 945 2178 patet
965 2106 1060 2162 etiam
1080 2103 1194 2160 animm

118 2197 290 2251 essentiam
311 2212 372 2253 non
388 2214 455 2255 esse
468 2199 595 2270 proprie
610 2199 642 2253 in
662 2197 731 2270 ipsa
743 2197 944 2267 cogitatione,
962 2208 1061 2265 neque
1085 2193 1118 2249 in
1133 2193 1195 2250 eli-

119 2283 183 2352 qua
203 2286 346 2356 potentia
368 2289 526 2358 cogitandi
541 2289 592 2344 vel
617 2287 753 2350 volendi,
770 2285 823 2342 sed
847 2300 915 2342 esse
939 2285 971 2340 iu
994 2285 1064 2357 ipso
1088 2283 1191 2355 primo

119 2375 277 2446 principio
293 2377 493 2434 substantiali
513 2378 653 2433 omnium
672 2369 897 2446 cogitationum
913 2378 945 2430 et
961 2374 1188 2446 potentiarum.

119 2465 317 2522 Erraverunt
331 2466 431 2536 igitur
445 2468 622 2523 antealtem
633 2466 806 2538 improprie
821 2464 918 2521 locuti
934 2466 1009 2522 sunt
1022 2462 1192 2523 carlesius,

119 2553 381 2622 Malebrancbius,
395 2556 585 2620 Rosmiuius,
602 2555 790 2622 Leibuizius,
806 2555 865 2612 etc.

152 2687 217 2743 731.
236 2688 393 2746 Cartesli
408 2691 538 2747 critica
560 2708 565 2745 :
587 2691 746 2748 essentia
769 2690 899 2746 animae
922 2691 1072 2766 nonest
1096 2686 1195 2756 eogi-

120 2777 221 2834 tatlo.
238 2809 273 2818 -
289 2781 326 2834 Et
348 2781 596 2850 primoquidem
623 2779 760 2836 essentia
782 2778 895 2832 animae
923 2791 982 2833 non
1006 2778 1195 2846 potestesse

122 2868 283 2935 cogitatio,
307 2869 380 2926 lieet
403 2871 552 2940 cogitatio
569 2870 612 2926 sit
633 2869 746 2924 animae
770 2869 858 2922 actus
880 2871 913 2923 et
936 2865 1097 2937 perfectio.
1115 2865 1191 2919 Nam

122 2956 272 3025 cogitatio
287 2961 336 3013 est
350 2961 437 3015 actus
452 2959 608 3016 secundus
623 2973 678 3015 seu
694 2956 846 3028 operatio,
864 2970 932 3025 quae
953 2953 1153 3010 existentium
1165 2958 1197 3007 et

123 3051 268 3100 naturam
283 3048 396 3103 animae
410 3048 613 3117 consequitur
635 3048 667 3102 et
681 3046 868 3102 manifestat.
897 3045 961 3100 Nisi
981 3043 1086 3099 anima
1109 3041 1195 3112 seip-

122 3146 187 3188 sam
204 3135 365 3204 producat,
383 3152 443 3192 non
458 3139 643 3209 potestesse
658 3150 716 3192 sua
729 3135 889 3206 cogitatio.

156 3223 239 3279 Adde
262 3225 485 3295 cogitationem
514 3240 580 3282 csse
611 3225 748 3282 maxime
781 3225 939 3290 mobilem,
972 3224 1047 3278 dum
1080 3219 1193 3276 animae

122 3313 259 3369 essentia
273 3328 336 3370 non
354 3319 508 3372 mutatur.

155 3403 286 3472 Insuper
300 3405 406 3474 opinio
422 3405 597 3461 certesiana
612 3405 739 3461 videtur
753 3403 844 3460 valde
859 3400 1044 3474 periculosa,
1055 3413 1188 3472 praeser-

121 3489 177 3545 tim
192 3507 276 3548 ereo
290 3493 373 3563 qubd
389 3494 494 3548 anima
508 3492 692 3557 subsistens,
709 3492 735 3548 si
751 3493 833 3548 esset
848 3490 916 3562 ipsa
931 3489 1091 3560 cogitatio,
1105 3489 1188 3544 esset

125 3581 213 3647 quasi
227 3583 315 3638 actus
330 3596 430 3654 purus
446 3583 477 3636 et
491 3581 628 3637 divinus.

157 3670 297 3733 Aliunde,
311 3673 337 3728 si
349 3673 524 3727 animanon
537 3671 733 3734 subsisteret,
745 3669 799 3725 sed
810 3665 1096 3726 essetsolummodo
1112 3665 1194 3735 cogi-

124 3757 198 3814 tatio
212 3763 370 3818 transiens
385 3763 442 3816 aut
466 3759 572 3815 durus
591 3759 829 3829 cogitationum,
848 3757 914 3826 Jam
934 3771 1011 3812 vera
1025 3756 1107 3811 esset
1129 3755 1193 3810 ali-

125 3858 181 3913 quo
212 3852 302 3908 modo
325 3848 485 3907 sententia
512 3849 731 3916 sensistarum,
754 3847 808 3917 qni
830 3845 940 3902 dicunt
961 3845 1098 3900 animam
1129 3855 1197 3898 esse
