2790 4546
355 363 458 406 carus
472 364 582 405 axxrx.
600 381 633 388 -
648 362 698 405 uos
717 350 794 415 1273,
814 351 891 413 1274,
911 350 988 406 1275.
1159 350 1213 406 263

173 475 233 530 Sed
253 475 316 530 alia
339 476 387 531 est
409 475 546 531 servitus
569 490 636 543 quae
659 475 696 531 ab
721 476 857 531 Ecclesia
880 475 1062 545 quandoque
1079 475 1213 531 tolerata

131 565 185 620 ast
200 565 233 621 et
253 565 398 620 consistit
417 565 613 621 solummodo
633 566 666 620 in
692 565 880 621 alienatione
903 565 1055 636 perpetua
1074 565 1212 636 propriae

131 667 242 724 operae
258 653 295 709 eit
310 653 487 710 conditione
498 655 535 710 ut
547 655 652 708 omnia
662 654 735 723 jura
751 654 931 710 essentialia
940 668 1082 725 personae
1098 653 1159 724 (jus
1172 655 1211 709 ad

132 743 240 797 vitam
255 742 431 805 honestam,
447 743 525 812 etc.)
541 743 709 799 serventur
721 744 754 798 et
768 744 989 814 protegantur.

172 833 263 895 Nam,
290 832 460 887 secundum
491 831 665 888 doctrinam
696 834 890 888 constantem
916 833 1067 895 Ecclesiae,
1103 832 1217 887 anima,

133 919 315 976 christiana
329 935 391 976 non
407 920 498 976 debet
519 935 586 977 esse
606 934 697 976 serva
713 921 773 976 nlsi
790 921 852 976 Dei.
875 922 962 977 Unde
977 922 1054 977 dicit
1073 923 1101 977 S.
1123 922 1178 976 Th.
1198 938 1204 974 :

135 1009 315 1064 «Servitus
338 1009 400 1077 qua
420 1008 514 1064 homo
536 1010 714 1079 subjicitur,
729 1010 769 1065 ad
791 1024 906 1081 corpus
927 1010 1074 1080 pertinet,
1092 1024 1154 1065 non
1170 1011 1208 1066 ad

131 1098 288 1162 animam,
312 1112 380 1166 quae
409 1097 507 1152 libera
533 1100 666 1154 maneta
688 1099 737 1169 ll).
763 1100 860 1155 Porro
890 1099 956 1154 haec
984 1099 1120 1153 servitus
1145 1113 1208 1154 non

130 1186 266 1242 videtur
284 1187 426 1242 absolute
451 1187 483 1241 ct
501 1187 712 1243 essentialiter
734 1188 845 1242 contra
859 1188 914 1257 jus
941 1186 1103 1251 naturale;
1125 1188 1208 1243 uude

128 1275 242 1344 potuit
262 1276 368 1330 induci
391 1276 547 1345 exjustis
574 1277 704 1331 causis:
728 1292 765 1329 aa
787 1279 890 1347 pacto,
917 1291 954 1329 aa
973 1275 1048 1346 jure
1068 1273 1147 1340 tetii,
1170 1292 1208 1330 aaa

128 1361 262 1419 delicto.

169 1454 330 1515 Attamen,
348 1455 486 1509 servitus
501 1454 597 1509 etiam
622 1454 789 1510 mitissima
804 1468 867 1510 non
887 1453 1013 1508 videtur
1034 1455 1111 1509 satis
1134 1468 1206 1509 oon-

128 1541 328 1610 sonarejuri
350 1543 494 1598 naturali.
518 1543 604 1598 Unde
628 1543 740 1598 merito
761 1543 844 1614 apud
863 1545 996 1615 populos
1017 1543 1206 1599 christianos

128 1631 262 1702 penitus
278 1631 428 1700 abrogata
447 1632 505 1687 est.

174 1765 253 1820 1274.
279 1765 542 1836 Hypnotismus
565 1767 764 1823 secundnm
784 1768 842 1837 jus
860 1766 1038 1823 naturale.
1061 1795 1095 1806 -
1119 1769 1206 1821 Nunc

129 1855 253 1910 iterum
269 1855 420 1909 nonnulla
445 1855 574 1910 dicenda
598 1857 672 1910 sunt
691 1855 728 1910 de
753 1855 953 1925 hypnotismo
977 1857 1131 1922 quatenus
1151 1855 1205 1923 J'us

131 1943 282 1998 naturale
297 1944 410 1998 laedere
428 1945 541 2014 potest.
560 1947 593 1998 ln
610 1945 810 2014 suggestione
826 1945 908 2000 enim
925 1943 1095 2014 hypnoticd
1113 1945 1154 2011 (v.
1172 1959 1202 1999 n.

129 2030 188 2086 641
214 2032 245 2086 et
264 2046 339 2101 seq„
364 2032 439 2102 971),
470 2033 691 2102 hypnotizatus
715 2033 843 2088 videtur
866 2033 1050 2102 quandoque
1082 2033 1204 2103 privari

131 2121 223 2176 omni
242 2119 397 2186 libertate,
415 2123 481 2177 sive
497 2121 637 2185 externa,
655 2123 721 2177 sive
736 2121 871 2184 interna,
888 2123 933 2177 ita
952 2123 988 2177 ut
1002 2121 1203 2190 imaginetur,

130 2209 215 2264 velit
229 2210 260 2264 et
279 2212 352 2280 agat
364 2211 515 2279 quidquid
531 2211 668 2266 voluerit
688 2209 903 2281 llypnotizans.
920 2210 1016 2272 Unde,
1033 2209 1204 2266 latentibus

130 2297 215 2352 viris
230 2299 340 2367 peritis
355 2299 392 2354 de
403 2299 602 2369 hypnotismo
618 2300 650 2354 et
665 2300 786 2368 dejure
800 2298 895 2364 civili,
908 2298 1127 2368 hypnotizatus
1142 2312 1204 2353 non

130 2390 185 2442 cst
198 2387 334 2457 amplius
346 2402 476 2443 suorum
492 2390 620 2444 actuum
637 2388 782 2444 dominus
798 2402 833 2443 ac
847 2386 978 2458 proinde
993 2387 1039 2441 illi
1052 2387 1202 2457 imputari

131 2490 198 2531 nou
213 2476 324 2532 debent
339 2491 375 2532 ea
395 2491 463 2545 quae
488 2477 520 2531 in
543 2491 651 2532 somno
674 2477 842 2547 hypnotico
858 2476 1043 2547 patraverit.
1061 2477 1125 2529 lmo
1142 2489 1203 2530 usu

130 2564 292 2632 frequenti
308 2565 501 2635 hypnotismi
514 2566 669 2634 contingit
685 2567 721 2621 ut
734 2565 856 2637 patiens
876 2563 931 2619 liat
945 2564 1033 2631 quasi
1049 2577 1156 2619 servus
1171 2568 1203 2619 et

131 2666 186 2708 res
205 2655 325 2722 agentis
342 2658 374 2710 et
389 2668 512 2709 omnem
527 2655 723 2710 voluntatem
742 2655 902 2725 propriam
923 2653 1057 2708 amittat.

172 2754 268 2807 Porro
283 2753 349 2808 haec
364 2767 446 2808 nova
458 2752 606 2816 servitus,
619 2755 655 2808 ut
669 2753 765 2823 patet,
777 2753 963 2807 adversatur
972 2750 1040 2819 juri
1051 2750 1200 2814 naturali,

131 2841 309 2910 prasertim
329 2842 399 2896 cirin
422 2843 464 2897 sit
488 2841 626 2897 servitus
649 2855 711 2895 non
731 2841 833 2895 solum
858 2840 1009 2910 corporis,
1031 2840 1198 2895 sedetiam

131 2930 258 2986 animae.
278 2931 364 2986 Unde
380 2931 507 2986 omnino
528 2929 640 2985 illicita
661 2931 709 2984 est
723 2931 791 2985 tum
812 2944 849 2984 ex
868 2931 958 2998 parte
981 2929 1113 2998 agentis,
1132 2931 1201 2984 tum

132 3020 277 3088 exparte
296 3019 459 3089 patientis.

171 3151 248 3207 1275.
269 3153 337 3209 ,ius
356 3151 525 3208 naturale
548 3151 703 3207 hominis
722 3151 761 3206 in
783 3151 926 3208 tructus
951 3151 1087 3222 proprii
1103 3151 1201 3206 labo·

129 3241 193 3298 ris.
210 3241 262 3298 De
277 3241 417 3297 salario.
433 3272 466 3281 —
482 3242 591 3304 Homo,
607 3240 678 3295 cum
694 3240 736 3294 sit
751 3254 844 3296 causa
859 3241 891 3296 et
910 3240 1055 3296 dominus
1070 3254 1199 3295 suorum

128 3332 258 3386 actuum
274 3330 307 3386 et
321 3343 462 3400 operum,
479 3329 573 3383 habet
583 3329 638 3398 jus
654 3329 797 3384 naturale
817 3329 850 3383 in
870 3327 992 3385 fructus
1008 3329 1057 3383 sui
1072 3327 1198 3384 laboris.

128 3419 217 3476 Unde
236 3419 331 3474 etiam
356 3419 461 3489 potest
483 3419 574 3474 alteri
596 3416 735 3473 alienare
759 3417 810 3471 vel
823 3417 925 3472 locare
946 3415 1084 3471 laborem
1107 3431 1199 3472 suum

128 3508 234 3578 gratia
257 3506 393 3574 alicujus
415 3507 520 3577 pretii,
539 3508 620 3575 quod
641 3506 773 3562 vocatur
796 3503 965 3570 salarium,
983 3505 1009 3560 si
1034 3506 1140 3573 agitur
1164 3505 1201 3561 de

126 3596 236 3654 labore
254 3595 412 3668 opiticum.
430 3597 526 3650 Porro
542 3595 667 3667 oportet
682 3595 832 3650 salarium
859 3609 925 3649 esse
944 3593 1079 3662 Justum
1095 3594 1200 3660 idest,

159 3775 198 3838 (1)
211 3775 249 3836 r,
264 3773 311 3830 aa,
330 3788 355 3838 q.
369 3772 425 3834 iol,
439 3787 463 3823 ι.
479 3771 502 3830 c,
519 3772 553 3821 aa
570 3773 593 3821 1.
