2828 4550
233 360 282 416 151
675 375 852 417 1111011111

229 496 460 549 creaturarum,
491 487 752 555 quemadmodum
778 487 987 556 distinguitur
1002 489 1060 542 iius
1082 503 1297 559 supremuma

230 577 343 632 ceteris
359 577 493 632 entibus.
511 578 599 643 Nam,
619 577 693 631 licet
707 579 787 632 Deus
813 577 852 632 sit
873 591 967 632 eausa
990 578 1127 634 efficiens
1149 581 1180 634 et
1196 577 1297 633 finalis

232 667 372 722 omnium
397 680 517 727 rerum,
539 679 600 720 non
620 665 689 720 ideo
718 669 766 720 est
793 681 900 721 earum
923 681 1017 721 causa
1046 668 1217 723 materialis
1245 670 1298 723 aut

232 755 395 818 formeiis;
414 755 494 810 unde
509 755 630 824 pariter
653 756 721 822 ejus
744 756 879 819 Bonitas,
898 755 971 810 lic'et
992 756 1034 810 sit
1049 770 1142 810 cansa
1157 756 1296 812 efficiens

234 847 265 900 11
280 843 382 900 finalis
400 844 539 898 omnium
554 843 706 898 bonorum
717 859 784 912 quae
795 845 827 898 in
841 844 995 899 creaturis
1010 846 1227 908 inveniuntur,
1240 859 1298 901 non

234 933 303 988 ideo
327 949 397 988 cum
427 933 471 988 eis
496 933 708 987 confunditur.
735 933 792 988 Sed
817 935 941 988 Bonitas
962 933 1068 988 divina
1094 935 1199 988 omnia
1222 935 1299 990 bona

233 1012 324 1077 finita
345 1022 549 1084 transcendit,
581 1037 617 1076 ea
640 1022 802 1076 continens
827 1023 1016 1084 eminentem
1040 1023 1121 1078 unde
1146 1023 1242 1078 etiam
1264 1021 1299 1076 ab

234 1109 379 1165 omnibus
395 1114 426 1165 et
441 1111 572 1179 siugulis
589 1109 677 1164 bonis
692 1110 805 1164 creatis
820 1111 957 1166 maxime
973 1111 1191 1180 distinguitur.

271 1236 348 1290 1019.
372 1235 498 1290 Omnis
512 1239 682 1290 creatura
696 1237 734 1290 in
753 1231 1007 1292 Deum'tendit.
1018 1268 1052 1276 -
1064 1237 1227 1292 Distinctio
1243 1235 1299 1290 ab·

232 1325 336 1380 soluta
351 1325 503 1378 Bonitatis
519 1325 633 1379 divinae
644 1329 676 1378 11
692 1324 839 1378 bonitatis
855 1328 1070 1380 creaturarum
1091 1339 1153 1380 non
1169 1325 1299 1396 impedit

231 1413 399 1482 quominus
416 1421 568 1468 creaturae
590 1413 621 1467 in
640 1415 735 1467 Deum
756 1414 895 1468 tendant.
914 1417 1000 1478 Nam,
1028 1414 1203 1484 appetendo
1225 1428 1297 1484 pro-

230 1503 330 1574 priam
348 1501 583 1571 perfectionem,
593 1505 745 1572 appetunt
757 1505 907 1558 Bonitatis
919 1503 1034 1558 divinae
1048 1503 1298 1567 similitudinem,

231 1593 271 1646 ut·
282 1591 399 1646 dictum
417 1593 476 1644 est.
496 1591 587 1645 Parvi
601 1599 706 1646 autem
723 1591 830 1656 refert,
847 1593 872 1646 si
887 1607 948 1647 uon
961 1595 1154 1660 cognoscunt
1175 1593 1207 1646 id
1221 1591 1301 1661 quod

232 1683 393 1750 appetunt,
418 1679 469 1734 vei
491 1681 517 1734 si
540 1684 648 1734 errant
671 1681 845 1750 appetendo
869 1681 983 1736 bonum
1015 1696 1170 1751 apparens
1193 1681 1240 1736 ita
1267 1682 1302 1736 ut

233 1769 373 1824 incidant
396 1769 428 1822 in
454 1770 570 1823 maium
593 1769 757 1839 physicum
785 1770 955 1824 autetiam
978 1770 1207 1840 inpeccatum;
1231 1783 1301 1825 nam

233 1871 356 1928 semper
370 1859 512 1927 appetitu
531 1857 601 1913 boni
615 1859 646 1912 et
660 1858 790 1927 perfecti
802 1861 978 1913 moventur.

271 1980 348 2038 1050.
365 1981 645 2038 Manichaeorum
659 1982 865 2051 0111111111.-
881 1983 1013 2038 Gravior
1036 1982 1169 2052 objectio
1193 1984 1304 2038 contra

232 2073 406 2126 Bonitatem
423 2072 563 2126 divinam
582 2086 601 2126 a
625 2071 804 2126 manichaeis
830 2074 976 2128 movetur
999 2073 1056 2126 hoo
1076 2073 1194 2126 modo:
1222 2072 1303 2126 Mala

232 2159 398 2215 innumera
413 2162 444 2216 11
459 2161 561 2215 omnis
577 2161 699 2228 generis
715 2175 783 2228 quae
799 2175 906 2215 omnes
921 2162 1083 2216 creaturas
1098 2166 1129 2215 et
1143 2160 1302 2230 inprimis

232 2249 374 2304 homines
391 2250 537 2305 obruunt.
553 2249 642 2304 nobis
658 2249 876 2304 demonstrant
891 2265 958 2305 esse
984 2251 1045 2305 duo
1058 2251 1161 2319 prima
1179 2251 1302 2318 princi-

232 2339 307 2409 pia:
327 2353 434 2400 unum,
451 2339 533 2404 boni,
551 2340 582 2393 et
597 2340 731 2392 alterum
749 2339 834 2392 maii.

268 2453 345 2508 1051.
369 2455 563 2509 solutionis
581 2454 770 2523 principia.
789 2485 819 2493 —
842 2455 881 2509 Ut
903 2453 969 2508 baec
990 2453 1124 2524 objectio
1146 2455 1302 2517 solvatur,

231 2541 392 2597 attendere
416 2544 540 2610 oportet
559 2542 597 2596 ad
618 2543 772 2612 principia
800 2544 919 2611 quaein
948 2542 1161 2612 Metapbysiea
1184 2544 1303 2599 tradita

231 2631 315 2691 sunt.
333 2631 387 2684 ubi
403 2631 469 2699 jam
494 2631 659 2685 manichaei
682 2631 927 2686 confutabantur
948 2633 991 2700 (n.
1008 2633 1069 2696 456,
1087 2633 1168 2698 etc).
1186 2634 1302 2688 bialum

231 2733 293 2774 non
308 2722 356 2774 111
370 2734 424 2774 ens
439 2721 491 2775 sed
506 2716 645 2790 privatio
660 2719 791 2788 alicujus
808 2720 899 2784 boni3
927 2721 1007 2775 unde
1028 2735 1088 2776 non
1113 2721 1223 2776 existit
1242 2721 1302 2776 nisi

231 2808 264 2861 in
279 2807 372 2862 bono.
393 2810 498 2875 ltaque
517 2809 673 2878 repugnat
698 2808 897 2864 essenorum
919 2808 1097 2864 absolutum
1118 2812 1202 2865 Bono
1216 2809 1302 2865 abso·

232 2895 299 2950 luto
315 2896 513 2965 oppositum;
530 2897 583 2952 sed
600 2898 717 2951 malum
738 2911 799 2950 non
824 2895 1010 2966 producitur
1032 2896 1092 2952 uisi
1116 2896 1207 2960 boue,
1224 2897 1304 2952 iudi-

231 2985 317 3039 recte
346 2986 378 3039 11
403 2999 460 3055 per
488 2987 639 3042 accidens.
668 2993 704 3040 ut
731 2985 846 3040 ibidem
877 2986 1067 3054 explicatum
1088 2989 1145 3042 cst.
1173 2989 1304 3056 Insuper

231 3074 451 3142 distinguenda
477 3079 551 3128 sunt
575 3076 691 3130 malum
719 3075 883 3146 physicum
909 3075 1059 3144 (morbus,
1076 3076 1166 3131 dolor
1187 3077 1219 3130 11
1240 3075 1303 3131 1111

230 3162 397 3232 ejnsmodi)
418 3165 449 3218 et
465 3165 580 3217 malum
602 3167 718 3219 morale
731 3165 931 3234 (peccatum),
948 3165 1029 3233 quod
1045 3164 1146 3218 solinn
1161 3163 1302 3220 absolute

231 3253 394 3308 vitandum
412 3255 467 3306 est.
485 3253 538 3306 His
559 3253 679 3322 positia,
696 3253 863 3321 objectioni
879 3253 1124 3308 manichaeorum
1144 3253 1188 3308 sic
1207 3253 1301 3310 satis·

230 3340 373 3404 facimus,
388 3339 552 3394 statuendo
573 3354 640 3406 quae
656 3345 853 3408 sequuntur:

269 3463 345 3519 1052.
365 3465 462 3520 Deus
476 3477 626 3534 peecare
643 3479 716 3519 non
730 3469 851 3534 potest
868 3465 914 3535 ti).
932 3495 965 3504 -
980 3467 1068 3530 Nam,
1090 3467 1118 3520 1⁰
1134 3466 1204 3520 cum
1221 3469 1301 3520 Deus

231 3551 402 3608 sitbouum
428 3554 600 3610 subsistens
617 3555 649 3608 et
673 3568 767 3608 causa
790 3555 930 3609 omnium
956 3553 1120 3619 bonorum,
1146 3553 1302 3625 peccando

232 3639 357 3696 sibimet
372 3643 600 3698 contradiceret
615 3645 647 3698 11
661 3644 798 3712 seipsum
813 3643 1000 3698 destrueret.

262 3783 296 3842 (11
313 3781 351 3831 cf.
370 3781 405 3838 li,
422 3798 447 3847 q.
467 3783 505 3840 19,
517 3799 540 3832 1.
554 3783 585 3844 9;
601 3791 627 3832 11
639 3784 696 3847 Cg„
712 3784 731 3833 l.
748 3785 766 3844 i,
783 3798 826 3848 cp.
845 3798 906 3833 xcv.
