2790 4546
255 388 310 445 236
738 399 852 442 cruror

293 513 433 569 Rationis
447 513 551 586 prima
573 512 684 583 regula
706 513 755 569 est
779 514 829 568 lex
853 513 1008 569 naturae...
1036 510 1122 567 Unde
1148 513 1244 567 omnis
1265 512 1309 568 lex

258 585 438 640 humanitus
453 586 555 654 posita
569 585 601 640 in
617 585 741 640 tantum
758 583 851 640 habet
870 585 908 638 de
929 583 1052 640 ratione
1073 582 1161 652 legis,
1181 583 1213 637 in
1226 597 1308 652 quan·

258 658 326 711 tum
342 670 360 710 a
376 655 442 724 lege
458 656 579 711 naturae
595 655 766 712 derivatur.
779 655 808 710 Sl
823 658 900 711 vero
910 655 942 710 in
955 655 1058 721 aliquo
1074 657 1174 721 alege
1190 654 1310 710 naturali

258 726 424 790 discordet,
437 725 585 793 jamnon
601 727 662 782 erit
676 725 736 791 lex,
751 727 803 782 sed
818 726 891 795 legis
905 725 1077 795 corruptio.
1094 725 1151 780 Sed
1166 725 1310 780 sciendum
1377 728 1378 756 l

259 802 307 854 est
326 797 407 866 quod
426 812 445 852 a
464 797 530 864 lege
550 797 688 852 naturali
707 797 876 868 dupliciter
895 797 998 866 potest
1020 795 1139 863 aliquid
1163 796 1309 851 derivari:
1377 853 1378 860 χ

258 883 320 923 uno
340 868 430 923 modo
455 869 537 928 sicut
559 868 773 924 conclusiones
796 883 836 924 ex
860 868 1033 938 principiis,
1054 867 1115 922 alio
1135 867 1223 922 modo
1241 867 1312 922 sicut

258 939 534 995 determinationes
563 939 704 1007 quaedam
737 940 916 1008 aliquorum
940 938 1172 994 communium.
1203 939 1311 992 Primus

259 1011 382 1078 quidem
399 1010 509 1065 modus
522 1010 635 1067 similis
650 1015 699 1066 est
712 1011 738 1066 ei
756 1024 816 1077 quo
831 1010 864 1064 in
878 1010 1017 1065 scientiis
1030 1024 1069 1064 ex
1078 1009 1239 1080 principiis
1252 1022 1312 1063 con-

258 1082 412 1137 clusiones
436 1081 689 1137 demonstrativae
713 1082 950 1151 producuntur;
976 1083 1112 1135 secundo
1136 1082 1210 1134 vero
1233 1079 1311 1134 modo

257 1153 360 1207 simile
375 1153 423 1208 est
441 1153 522 1220 quod
545 1153 577 1208 in
599 1151 721 1208 artibus
742 1151 852 1208 formae
873 1165 1054 1207 communes
1075 1151 1313 1206 determinantur

257 1225 296 1279 ad
310 1223 428 1292 aliquid
444 1225 592 1294 speciale;
611 1223 693 1278 sicut
712 1224 828 1279 artifex
851 1223 986 1278 formam
1001 1236 1200 1278 communem
1214 1221 1312 1277 domis
1378 1267 1379 1282 ,

259 1307 381 1350 necesse
414 1299 462 1350 est
494 1294 575 1361 quod
608 1294 796 1350 determinet
831 1294 870 1349 ad
904 1294 983 1348 hanc
1012 1293 1064 1347 vel
1096 1293 1182 1348 illam
1214 1292 1312 1348 domus
1378 1327 1379 1330 η

258 1364 400 1434 liguram.
416 1365 606 1420 Derivantur
620 1379 694 1434 ergo
717 1365 858 1434 quaedam
884 1377 902 1418 a
921 1364 1085 1435 principiis
1108 1363 1313 1420 communibus

257 1436 334 1504 legis
353 1438 473 1490 naturae
489 1450 544 1503 per
560 1436 684 1491 modum
706 1437 961 1501 conclusionum
987 1434 1070 1490 sicut
1093 1434 1152 1491 hoc
1178 1434 1254 1503 quod
1273 1435 1313 1489 cst

257 1519 319 1559 non
334 1521 398 1562 esse
408 1505 620 1585 occidendum,
638 1508 673 1562 ut
688 1508 847 1586 conclusio
860 1506 1000 1575 quaedam
1017 1505 1156 1562 derivari
1170 1504 1312 1576 potestat

257 1578 388 1703 altr
402 1576 1314 1728 stultitturturum·rettulitlt
1379 1673 1380 1704 ,

260 1722 364 1788 peccat
384 1721 543 1791 puniatur,
569 1720 622 1776 sed
644 1720 726 1787 quod
746 1721 802 1775 tali
824 1719 911 1788 poene
930 1720 980 1774 vel
1001 1719 1057 1774 tali
1081 1719 1242 1789 puniatur,
1265 1718 1314 1772 hoc

258 1800 306 1845 est
321 1792 461 1858 quaedam
479 1791 699 1848 determinatio
722 1791 797 1860 legis
815 1794 947 1846 neturae.
964 1791 1102 1857 Utraque
1117 1791 1217 1859 igitur
1234 1791 1314 1844 inve·

257 1861 390 1916 niuntur
403 1863 436 1916 in
457 1862 525 1930 lege
540 1863 677 1918 humant
690 1863 803 1932 posita.
824 1862 881 1916 Sed
900 1876 937 1916 ea
955 1874 1024 1929 quae
1043 1862 1118 1916 suut
1133 1861 1227 1932 primi
1242 1859 1314 1914 modi

256 1933 458 1988 continentur
483 1933 516 1986 in
535 1934 602 2002 lege
626 1931 764 1988 humant
783 1947 844 1988 non
868 1935 1017 2000 tanquam
1044 1933 1109 1987 sint
1135 1933 1234 1988 solum
1257 1931 1313 1998 lege

257 2003 371 2072 posita,
387 2005 439 2059 sed
454 2004 569 2060 habent
588 2006 682 2060 etiam
700 2004 819 2073 aliquid
834 2003 954 2073 vigoris
969 2017 1009 2058 ex
1025 2002 1092 2070 lege
1108 2003 1254 2059 naturali.
1265 1999 1313 2056 Sed
1380 2051 1381 2078 ,

258 2088 295 2128 ea
318 2087 386 2141 quae
413 2079 488 2130 sunt
511 2075 640 2131 secundi
660 2075 755 2139 modi,
780 2089 818 2130 ex
841 2073 909 2130 solt
929 2074 997 2143 lege
1024 2073 1163 2130 humana
1185 2075 1313 2142 vigorem

258 2144 373 2200 habent
388 2145 437 2215 (l).

293 2255 339 2306 Ex
363 2251 411 2306 his
433 2253 520 2322 patet
544 2252 625 2321 quod
643 2253 726 2322 leges
753 2252 908 2318 humanae,
924 2253 1078 2322 quatenus
1102 2254 1177 2308 sunt
1198 2251 1314 2307 conclu-

259 2340 361 2396 siones
377 2341 453 2410 legis
473 2341 636 2405 naturalis,
653 2357 715 2396 non
738 2343 872 2412 possunt
887 2343 1002 2397 mutari
1025 2343 1058 2396 in
1083 2341 1255 2397 contrarias
1268 2352 1315 2392 nec

258 2429 376 2484 aboleri
389 2445 395 2494 ;
416 2444 505 2486 secus
520 2431 636 2494 autem,
653 2431 679 2484 sl
694 2432 768 2486 sunt
784 2445 877 2485 merae
892 2431 1171 2486 determinationes
1184 2430 1258 2498 legis
1270 2441 1316 2482 na·

259 2518 382 2584 turolte,
397 2517 488 2573 facile
502 2519 667 2573 mutantur
681 2534 738 2588 pro
754 2520 934 2590 temporum
950 2521 982 2575 et
995 2521 1183 2591 populorum
1198 2515 1315 2573 diversi·
1381 2505 1382 2512 '

258 2607 333 2660 tete.
351 2607 512 2676 Ejusmodi
535 2607 609 2662 sunt
630 2609 737 2662 multae
762 2609 850 2677 leges·
862 2607 1006 2664 humanae
1026 2609 1064 2663 de
1079 2608 1231 2677 regimine
1244 2603 1315 2678 poli·

258 2693 330 2758 tiro,
347 2695 384 2749 de
399 2695 551 2763 regimine
565 2695 781 2766 proprietatis,
797 2697 834 2752 de
850 2696 1074 2766 contractibus,
1091 2697 1128 2752 de
1143 2697 1249 2767 pranis.

296 2836 374 2891 1228.
390 2838 443 2893 De
456 2837 579 2907 legum
596 2839 838 2908 positivorum
855 2839 995 2908 oblecto
1014 2843 1052 2895 et
1070 2838 1314 2910 qualitatibus.

259 2928 396 2995 -Leges
411 2926 555 2995 positivae
570 2927 832 2983 versanturcirca
846 2942 882 2983 ea
896 2943 964 2996 quae
976 2928 1016 2983 ud
1031 2927 1148 2984 bonum
1164 2938 1315 2984 commune

258 3014 400 3069 conferre
424 3017 565 3083 possunt.
595 3015 681 3072 Unde
702 3015 818 3071 «nulla
838 3017 943 3072 virtus
969 3017 1018 3072 est
1039 3017 1076 3072 de
1098 3017 1188 3086 cujus
1207 3014 1315 3070 actibus

259 3102 310 3156 lex
324 3103 495 3174 praecipere
509 3117 572 3158 non
586 3105 696 3174 possit.
710 3107 776 3160 Non
791 3105 895 3160 tamen
914 3106 952 3160 de
966 3105 1113 3161 omnibus
1128 3105 1246 3161 actibus
1260 3117 1314 3159 om·

259 3191 346 3246 nium
361 3191 520 3246 virtutum
536 3192 588 3247 lex
603 3192 742 3248 humana
760 3194 914 3264 praecipit,
938 3195 992 3250 sed
1014 3193 1117 3249 solum
1143 3195 1179 3250 de
1193 3193 1253 3249 illis
1268 3190 1315 3260 qui

259 3280 451 3336 ordinabiles
465 3281 541 3336 sunt
555 3281 593 3335 ad
608 3281 724 3336 bonum
739 3296 914 3348 commune,
927 3285 978 3338 vel
993 3283 1185 3348 immediate,
1201 3281 1249 3338 vel
1263 3295 1315 3336 me-

260 3367 368 3423 diate»
386 3369 434 3438 (2).
452 3369 538 3424 Unde
551 3369 647 3424 ctiam
663 3371 764 3426 omnis
780 3373 831 3427 lex
850 3371 892 3428 sit
906 3371 1012 3440 aliquo
1033 3373 1125 3429 modo
1142 3369 1314 3429 universalis

259 3457 383 3526 oportet
393 3456 441 3527 (3).
454 3457 664 3528 Reprobandae
680 3461 755 3515 sunt
764 3460 864 3530 igitur
876 3462 960 3530 leges
975 3476 1045 3532 quae
1060 3463 1210 3520 dicuntur
1223 3473 1314 3530 ecoep

258 3542 364 3599 tionis.

290 3687 370 3743 run,
385 3687 431 3745 aa,
448 3705 472 3752 q.
487 3689 527 3747 os,
543 3705 566 3739 a.
579 3690 602 3741 ε.

289 3748 325 3810 (a)
340 3749 420 3806 rara..
435 3766 460 3815 q.
474 3751 514 3808 oa,
530 3766 553 3800 a.
569 3751 593 3800 a.

289 3809 323 3872 (3)
340 3811 417 3869 nra,
432 3829 458 3878 q.
476 3812 515 3874 ac,
533 3829 557 3864 a.
575 3814 596 3863 l.
