2910 4568
243 414 281 468 32
675 425 890 476 essenonoera

247 554 391 609 personae
402 540 610 595 constituitur
625 553 664 594 ex
678 540 733 602 eis,
750 540 936 608 inquantum
953 543 1001 596 est
1016 555 1098 596 unus
1113 541 1225 610 aliquis
1240 544 1320 598 sub-

247 611 362 666 sistens
376 612 409 666 in
425 625 518 666 carne
534 613 566 665 et
579 610 685 666 anima
700 613 746 678 (l).

282 729 314 782 30
329 727 495 798 speciatim
510 740 643 796 arguere
660 727 734 783 licet
748 741 787 782 ex
803 729 875 783 actu
891 727 1098 796 intelligendi,
1111 729 1175 796 qui,
1189 729 1260 784 cim
1276 731 1320 785 sit

246 816 460 872 nobilissimus
475 815 666 885 proindeque
689 816 877 886 spiritualis,
893 816 1047 872 tribuitur
1070 817 1176 873 tamen
1196 817 1318 873 homini

244 905 458 976 potiusquam
474 905 598 969 anima,
615 905 758 974 quamvis
773 905 866 960 homo
882 905 971 961 illum
987 920 1044 976 per
1057 906 1195 961 animam
1220 919 1318 962 exer-

245 995 327 1050 ceat.
347 996 416 1049 ilaec
435 993 604 1049 attributio
618 993 724 1050 autem
740 1007 816 1048 vera
831 1007 891 1048 non
908 995 956 1049 est
969 993 1028 1048 nisi
1043 995 1118 1062 quia
1138 995 1244 1049 anima
1267 997 1318 1050 in-

248 1083 407 1139 tellectiva
422 1085 470 1138 est
483 1082 619 1138 hominis
633 1081 744 1138 forma.
765 1083 851 1138 Unde
867 1083 895 1137 S.
912 1081 967 1138 Th.
985 1099 993 1138 z

281 1182 311 1234 Si
335 1181 404 1248 quis
427 1181 532 1236 autem
553 1180 632 1234 velit
646 1179 749 1235 dicere
772 1180 909 1234 animam
929 1181 1153 1236 intellectivam
1171 1197 1231 1237 non
1248 1197 1317 1238 esse

245 1251 387 1320 corporis
411 1252 555 1314 formam,
581 1253 707 1320 oportet
732 1251 814 1318 quod
842 1251 985 1306 inveniat
1012 1253 1140 1307 modum
1169 1267 1229 1321 quo
1253 1255 1317 1310 ista

245 1323 338 1391 aetio,
354 1326 483 1390 quaeest
496 1322 682 1392 intelligere,
699 1323 741 1377 sit
756 1323 853 1391 hujus
878 1322 1015 1378 bominis
1034 1323 1125 1379 actio.
1143 1325 1316 1395 Experitur

244 1395 327 1450 enim
344 1395 560 1463 unusquisque
574 1394 710 1462 seipsum
728 1407 805 1457 esse,
822 1393 875 1460 qui
890 1393 1042 1462 intelligit
1044 1432 1098 1447 .....
1115 1395 1317 1464 Relinquitur

244 1465 371 1536 (antemi
391 1465 476 1520 solus
500 1465 610 1520 modus
632 1479 724 1532 quem
748 1465 932 1520 Aristoteles
952 1465 1043 1535 ponit
1062 1463 1121 1534 (De
1140 1464 1314 1535 animo...)‚

183 1543 184 1546 ’
244 1537 325 1604 qubd
352 1537 401 1591 bio
424 1537 517 1590 homo
531 1535 691 1605 intelligit,
709 1535 783 1603 quia
807 1536 997 1605 principium
1023 1536 1315 1593 intellectivumest

242 1609 346 1664 forma
360 1609 471 1678 ipsius.
490 1605 539 1662 Sic
558 1621 632 1676 ergo
648 1622 687 1662 ex
708 1606 778 1676 ipsa
791 1607 973 1674 operatione
988 1607 1167 1663 intellectus
1181 1609 1314 1678 apparet

244 1680 325 1748 quod
341 1679 569 1734 intellectivam
584 1679 775 1748 principium
792 1678 902 1732 unitur
915 1678 1039 1748 corpori
1055 1680 1092 1734 ut
1106 1679 1209 1734 forma
1224 1681 1273 1749 (2).

276 1814 339 1868 769.
358 1812 450 1868 Unio
477 1811 710 1882 hypostatica
734 1817 771 1867 et
792 1811 878 1867 unio
898 1811 1030 1868 animae
1053 1827 1137 1868 cum
1162 1827 1313 1883 corpore

242 1906 507 1972 comparantur.
531 1930 565 1940 -
593 1901 670 1955 Hinc
698 1901 826 1956 videtur
858 1899 1037 1957 differentia
1065 1901 1191 1957 unionis
1225 1917 1312 1958 mere

242 1989 446 2058 hypostaticae
473 1988 575 2050 tVerbi
600 1989 699 2044 divini
724 2003 794 2045 cum
824 1989 941 2044 natura
962 1989 1102 2045 humana
1123 1989 1249 2060 Christi)
1280 1994 1312 2048 et

242 2077 366 2133 unionis
385 2078 498 2132 animae
517 2091 588 2132 cum
613 2092 758 2147 corpore.
789 2078 906 2132 Partim
932 2078 1124 2134 conveniunt
1139 2080 1170 2132 et
1192 2080 1309 2147 partim

241 2168 392 2223 differunt
408 2184 414 2222 ε
431 2167 624 2223 conveniunt
638 2166 773 2235 quidem,
790 2167 864 2235 quia
877 2167 910 2221 in
930 2165 1064 2236 utraque
1079 2167 1222 2222 remanet
1234 2169 1309 2222 uni-

240 2271 311 2312 cum
324 2257 498 2326 subjectum
512 2255 739 2319 attributionis,
753 2275 765 2305 «
778 2270 860 2311 unus
871 2256 1079 2312 subsistens».
1092 2257 1178 2312 Unde
1191 2256 1311 2311 dicitur

240 2347 277 2400 in.
296 2346 441 2414 Symbolo
464 2345 699 2402 Athanasiano:
721 2364 732 2393 α
752 2345 839 2400 Siout
857 2345 963 2400 anima
985 2345 1149 2400 rationalis
1174 2347 1207 2400 et
1234 2359 1309 2400 earo

240 2449 321 2490 unus
346 2436 394 2491 est
413 2435 516 2498 homo,
539 2434 584 2488 ita
605 2436 685 2489 Deus
705 2436 737 2487 et
756 2432 849 2489 bomo
869 2447 950 2490 unus
974 2435 1022 2490 est
1042 2433 1228 2489 Christus.»
1250 2434 1309 2489 Sed

238 2525 364 2579 aliunde
380 2525 530 2579 differunt
546 2523 647 2589 valde,
664 2523 737 2590 quia
751 2522 784 2576 in
806 2523 921 2577 unione
936 2537 1019 2577 mere
1040 2521 1239 2592 hypostatica
1252 2537 1308 2577 re-

240 2613 367 2667 manent
381 2613 450 2667 duae
470 2613 596 2667 naturae
607 2611 639 2665 et
656 2610 726 2665 duee
751 2610 945 2674 substantiae,
970 2611 1043 2666 dum
1068 2612 1174 2666 anima
1198 2611 1309 2666 unitur

237 2701 362 2770 corpori
382 2704 530 2768 tanquam
550 2699 668 2764 torma;
698 2699 780 2755 unde
804 2699 939 2779 habetur
960 2714 1023 2754 una
1049 2701 1164 2756 natura
1187 2701 1219 2754 et
1244 2714 1308 2754 una

238 2793 415 2848 substantia
429 2791 611 2862 composita.

271 2929 333 2981 770.
351 2925 526 2982 Doctrina
547 2926 591 2981 de
614 2925 746 2980 unione
773 2926 905 2980 animae
926 2938 1010 2980 oum
1032 2938 1180 2994 corpore
1202 2929 1307 2980 estne

236 3016 417 3086 obiectum
431 3015 548 3070 fidei?
563 3045 597 3054 —
612 3015 760 3070 Doctrina
778 3014 815 3069 de
834 3014 950 3068 unione
974 3013 1174 3069 substantiali
1193 3013 1307 3068 animae

236 3107 268 3162 et
283 3104 425 3175 corporis
439 3104 478 3160 ad
492 3103 584 3160 fidem
600 3103 748 3174 pertinet,
765 3105 802 3159 ut
811 3105 898 3172 patet
918 3103 1094 3173 praesertim
1113 3116 1152 3158 ex
1167 3101 1306 3156 concilio

237 3194 406 3250 Viennensi
430 3193 581 3264 (generali
595 3193 658 3262 XV)
675 3193 707 3246 in
723 3192 822 3248 Gallia
836 3191 992 3247 celebrato
1008 3191 1110 3262 (1311),
1127 3190 1218 3260 cujus
1240 3189 1308 3245 haee

238 3285 311 3338 sunt
330 3281 448 3338 verba:

272 3382 452 3436 Doctrinam
477 3394 600 3435 omnem
621 3395 675 3435 seu
695 3379 883 3450 positionem
904 3379 1022 3433 temere
1043 3377 1234 3432 asserentem
1250 3383 1309 3430 aut

237 3452 413 3507 vertentem
437 3451 614 3506 indubium
635 3451 716 3518 qubd
732 3449 908 3504 substantia
927 3450 1039 3504 animae
1062 3447 1227 3502 rationalis
1249 3451 1307 3502 aut

237 3523 440 3579 intellectiva
455 3537 529 3578 vere
553 3537 588 3578 ac
607 3537 663 3593 per
687 3536 720 3577 se
734 3521 863 3576 humani
885 3520 1026 3590 corporis
1041 3533 1103 3574 non
1127 3518 1170 3574 sit
1190 3517 1306 3582 torma,

263 3707 584 3772 (DquaLmb

264 3779 348 3836 (211³,
364 3795 390 3844 q.
406 3779 447 3837 to,
465 3795 488 3828 a.
506 3779 529 3837 l,
550 3780 598 3828 ubi
617 3781 646 3829 S.
666 3779 784 3827 Thomas
805 3776 894 3826 fusius
916 3775 1037 3826 ostendit
1057 3789 1112 3824 non
1137 3788 1195 3822 esse
1216 3772 1305 3822 alium

230 3843 389 3906 possibilem
404 3842 629 3906 praetermodum
648 3839 818 3904 praedictum.
