2790 4546
183 346 238 400 284
594 358 647 402 rus
666 359 838 402 sardanas

185 473 371 542 potestatem
387 485 533 528 exercere
566 470 699 526 debeant
719 469 757 525 ad
791 471 906 526 bonum
942 471 1156 528 multitudinis
1189 472 1261 528 sive

184 562 300 619 bonum
320 577 496 620 commune.

224 705 301 761 1316.
322 708 485 763 Potestas
502 705 640 776 triplex
663 723 669 757 :
690 703 908 776 legislativs,
929 705 1133 770 executiva,
1158 707 1260 776 ludl-

185 795 312 852 elaria.
330 795 529 852 Potestatls
547 796 680 851 unitas.
702 823 736 834 -
757 795 897 850 Potestas
913 794 1067 849 dividitur
1077 795 1111 849 in
1125 795 1259 864 legisla-

184 886 294 950 tivum,
313 887 510 941 executivam
525 886 557 940 et
569 884 779 952 judiciariam.
795 885 934 938 Potestas
949 884 1032 938 enim
1049 886 1157 940 movet
1172 885 1259 940 mul·

184 973 354 1030 titudinem
379 975 418 1030 ad
443 974 548 1037 finem,
564 974 647 1043 leges
668 973 887 1028 constituendo
909 985 1020 1040 easque
1046 973 1255 1042 applicando;

185 1062 386 1134 applicantur
399 1065 504 1118 autem
520 1063 613 1131 leges,
630 1060 724 1116 dubio
740 1062 935 1124 oecurrente,
950 1060 1189 1131 perjudicium.

220 1161 261 1216 De
276 1163 430 1231 potestate
445 1158 623 1229 legislativa
646 1158 712 1212 haec
733 1157 868 1212 notanda
889 1161 974 1212 sunt.
1001 1161 1141 1214 Potestas
1161 1159 1259 1227 legis-

184 1249 282 1306 lativa
297 1250 447 1321 supponit
460 1249 648 1319 potestatem
671 1247 909 1302 constitutivam
932 1249 964 1302 et
986 1247 1109 1302 easdem
1134 1247 1255 1304 limites

185 1339 288 1403 habet,
305 1340 424 1394 scilicet
440 1339 642 1394 mensuratur
657 1335 719 1391 fine
731 1351 800 1401 sue,
816 1337 869 1404 qui
885 1337 933 1391 est
955 1336 1070 1392 bonum
1086 1351 1255 1392 commune

184 1429 217 1483 et
237 1429 410 1498 temporale
433 1427 603 1483 societatis.
628 1426 715 1480 Unde
748 1427 884 1495 potestas
918 1425 1096 1494 legislativa
1121 1426 1258 1481 nonest

185 1518 326 1572 omnium
345 1517 469 1586 jurium
491 1515 569 1572 fons.
596 1517 663 1569 iiaec
688 1517 837 1585 potestas,
857 1515 893 1569 ut
914 1515 1011 1585 patet,
1034 1515 1176 1570 exerceri
1191 1528 1256 1570 non

185 1607 288 1676 potest
309 1620 366 1676 per
388 1604 550 1675 populum,
574 1604 627 1659 sed
648 1603 687 1658 ad
708 1603 866 1674 principes
882 1602 932 1658 vel
947 1604 985 1659 ad
1000 1603 1078 1659 aiios
1094 1603 1255 1675 sapientes

185 1695 333 1765 pertinet.

220 1792 334 1848 Deinde
349 1793 488 1861 potestas
504 1791 670 1846 executiva
684 1790 908 1847 committenda
924 1792 972 1846 est
991 1791 1069 1846 viris
1085 1791 1139 1858 qui
1157 1789 1255 1858 juste,

185 1882 362 1964 fortiternao
378 1882 520 1937 suaviter
534 1896 602 1936 eam
617 1882 793 1936 exerceant.
809 1881 933 1936 iudices
953 1883 1059 1936 autem
1075 1879 1148 1935 aliis
1167 1879 1256 1935 doti·

185 1972 243 2026 bus
258 1971 378 2026 enitere
393 1970 516 2034 debent,
540 1971 717 2041 praesertim
740 1971 828 2025 bonis
851 1969 1002 2034 moribus
1025 1967 1255 2036 scientiajuris

184 2063 216 2115 et
230 2074 337 2114 amore
344 2059 494 2128 justitiae.

221 2158 373 2214 Convenit
394 2157 495 2226 igitur
509 2157 544 2212 ut
558 2156 691 2224 subjecti
711 2156 845 2227 triplicis
859 2156 1024 2226 potestatis
1036 2156 1101 2211 sint
1115 2155 1234 2211 diversi
1247 2171 1256 2222 ;

185 2249 324 2302 attamen
349 2246 473 2316 oportet
506 2246 690 2315 potestatem
719 2246 844 2300 civilem
873 2259 940 2301 esse
964 2260 1069 2307 uuam,
1097 2245 1170 2300 eum
1194 2245 1257 2316 ipsi

188 2335 330 2391 societati
345 2334 486 2390 conferat
501 2334 653 2389 unitatem
670 2335 701 2389 et
711 2333 750 2388 ad
765 2349 863 2390 unum
878 2333 972 2389 finem
989 2334 1115 2403 dirigat.

225 2486 303 2540 1317.
323 2486 375 2540 De
391 2486 471 2555 jure
494 2484 677 2554 puniendi.
693 2514 726 2523 —
745 2485 885 2540 Potestas
907 2485 1009 2540 civilis
1030 2484 1192 2554 speciatim
1203 2485 1258 2554 jus

187 2574 282 2630 habet
296 2574 458 2642 infligendi
473 2588 590 2645 poenas.
599 2574 738 2629 Potestas
753 2574 836 2628 enim
848 2574 939 2630 debet
953 2573 1099 2630 ordinare
1113 2573 1258 2629 subditos

187 2664 226 2720 ad
242 2664 356 2718 bonum
373 2676 548 2727 commune,
563 2662 594 2718 id
609 2663 666 2724 est,
683 2663 721 2718 ad
738 2663 853 2718 bonum
866 2664 1087 2718 universorum
1103 2664 1135 2719 et
1150 2663 1259 2732 singu-

185 2753 309 2816 lorum;
341 2751 423 2819 quod
447 2752 522 2807 facit
544 2766 602 2822 per
621 2752 714 2820 leges.
739 2754 834 2820 Leges
862 2757 966 2808 autem
993 2753 1098 2808 essent
1113 2766 1212 2818 vanae,
1229 2752 1258 2807 si

185 2841 345 2898 sanctione
362 2841 619 2896 destituerentur.
636 2841 732 2904 Unde,
747 2842 773 2896 si
792 2842 841 2896 lex
855 2842 1003 2906 violatur,
1020 2841 1199 2912 puniendus
1210 2843 1262 2905 est¹

185 2931 239 2998 qui
255 2930 409 2998 delinquit
419 2932 511 2998 atque
526 2930 621 2985 etiam
637 2929 841 2999 corrigendus
857 2932 1009 2997 quantum
1023 2931 1172 3000 possibile
1188 2934 1255 2986 est:

186 3034 246 3087 quo
272 3023 362 3090 pacto
384 3019 452 3089 ipse
477 3017 630 3074 adfinem
658 3019 824 3074 ordinatur
842 3019 958 3073 iterum
980 3021 1036 3074 aut
1053 3019 1167 3075 saltem
1192 3033 1258 3074 non

187 3110 278 3164 nocet
293 3109 439 3178 amplius,
456 3110 488 3164 et
500 3109 597 3164 ceteri
612 3123 631 3161 a
646 3107 707 3163 line
722 3121 785 3163 non
800 3108 998 3162 avertuntur.

226 3251 304 3307 1318.
325 3252 377 3307 De
404 3266 509 3322 poena
538 3253 679 3308 mortis,
706 3283 739 3291 -
772 3255 864 3308 Paena
889 3253 994 3308 autem
1028 3251 1174 3323 capitalis
1195 3266 1259 3308 non

185 3340 313 3395 videtur
332 3341 545 3412 excipiendae
561 3342 659 3411 poenis
677 3356 754 3410 quas
773 3342 824 3396 lex
843 3342 944 3397 civilis
960 3342 1127 3398 decernere
1142 3344 1259 3412 potest.

185 3429 261 3482 Nam
278 3429 343 3484 haec
358 3444 448 3500 poena
467 3432 533 3486 sola
548 3433 595 3486 est
609 3431 849 3502 proportionata
863 3431 1049 3500 quibusdam
1062 3431 1262 3488 facinoribus

185 3519 216 3573 et
231 3518 387 3574 sufficiens
403 3521 439 3575 ut
453 3520 595 3590 perversi
611 3521 754 3576 homines
769 3521 952 3576 terreantur
966 3521 1016 3592 (l).

216 3775 250 3835 (l)
269 3775 307 3824 cf.
322 3778 441 3826 Summa
456 3778 548 3834 theol„
559 3778 595 3834 2³,
614 3777 661 3836 2³³,
677 3793 703 3843 q.
718 3779 759 3838 64,
778 3795 801 3828 a.
817 3782 841 3832 2.
