2828 4550
229 367 280 423 110
658 377 877 420 rsrcuonocm

226 492 311 548 versi
327 505 394 547 csse
412 489 567 555 innatam;
592 502 661 558 quae
685 487 795 543 deinde
819 485 963 544 clarescit
986 484 1018 540 et
1041 481 1252 551 distinguitur
1263 481 1297 535 in

226 581 304 636 alias
327 581 452 644 multas,
468 579 543 633 dum
567 592 682 649 corpus
706 579 810 648 ipsum
831 576 913 631 vivit
935 575 968 630 et
994 572 1190 629 sensationes
1215 571 1300 626 erol-

227 671 359 726 vuntur.

262 797 296 807 -
311 767 368 822 Sed
383 765 450 821 haec
464 763 646 836 hypothesis
661 760 836 818 harmonice
856 755 1069 833 praestabilitas
1084 759 1211 828 separat
1226 757 1299 812 ani-

227 870 311 918 mam
333 871 352 910 a
371 869 511 925 corpore,
527 853 680 922 importat
703 853 915 908 evolutionem
937 849 1035 904 animi
1058 862 1126 903 esse
1149 846 1299 916 indepen-

226 945 351 1000 dentem
368 943 405 997 ab
426 943 512 999 omni
530 941 629 998 'causa
652 941 783 996 externa
805 943 836 996 et
862 937 1019 1002 sensibiii;
1037 937 1119 992 unde
1139 935 1247 990 anima
1260 949 1298 990 ex

227 1033 331 1104 seipsa
345 1031 412 1088 sola
425 1032 509 1087 ideas
523 1045 594 1086 suas
613 1031 770 1095 educeret,
786 1045 843 1085 nee
861 1029 948 1084 aliud
966 1029 1083 1084 directe
1096 1023 1298 1092 cognosceret

229 1122 289 1176 nisi
311 1122 456 1191 seipsam.
479 1122 548 1176 Haec
571 1120 677 1176 omnia
695 1120 801 1175 autem
822 1118 897 1174 sunt
920 1118 1012 1174 salsa.
1032 1119 1113 1172 Sane
1132 1116 1227 1170 homo
1251 1113 1299 1169 est

228 1211 282 1280 qui
305 1210 465 1278 intelligit,
488 1209 615 1278 cogitat,
631 1208 808 1278 cognoscit3
825 1207 907 1263 unde
930 1207 1008 1262 ideae
1023 1206 1173 1261 oriuntur
1191 1218 1211 1259 a
1224 1216 1298 1258 sen-

231 1300 317 1354 sibus
337 1303 369 1355 et
383 1299 420 1355 ab
435 1298 597 1354 intellectu
610 1297 714 1354 simul.

263 1451 326 1504 947.
348 1449 509 1506 Rosmini
525 1450 649 1504 unicam
672 1448 774 1503 ideam
794 1448 935 1503 innatam
953 1445 1105 1510 admittit,
1121 1441 1301 1500 abstractis

229 1539 342 1594 simam
358 1541 390 1594 et
406 1539 540 1593 maxime
555 1537 842 1598 indeterminatam.
855 1549 948 1604 quam
959 1537 1105 1592 autumat
1119 1548 1187 1589 esse
1198 1532 1300 1587 ideam

230 1629 311 1683 entis
332 1628 441 1682 ideaiis
464 1641 520 1682 seu
541 1626 710 1698 possibilis.
728 1628 797 1682 Haec
818 1625 889 1680 idea
911 1626 995 1680 esset
1023 1623 1112 1692 quasi
1139 1622 1244 1678 forma
1269 1619 1301 1675 et

229 1716 335 1771 lumen
346 1715 533 1780 intellectus,
545 1730 584 1770 ex
596 1715 658 1782 qua
672 1727 783 1770 ceterae
799 1729 907 1770 omnes
920 1713 1122 1785 profluerent,
1137 1710 1300 1767 occasione

231 1805 435 1875 experientiae
451 1807 483 1860 et
498 1805 695 1860 sensationis.

267 1903 383 1966 -Sed,
407 1903 443 1958 ut
461 1905 565 1958 cetera
581 1903 775 1966 omittamus,
800 1902 864 1958 haec
884 1902 953 1958 idea
975 1901 1084 1956 innata
1108 1898 1300 1970 supponitur

230 1993 346 2060 gratim
364 2005 420 2048 nec
433 1991 560 2046 videtur
579 1991 661 2061 quod
676 2006 715 2046 ex
727 1991 795 2061 ipsa
809 1991 876 2046 sola
890 1992 1001 2047 ceterae
1020 2004 1128 2045 omnes
1142 1987 1300 2058 profluere

229 2081 359 2151 possint.
378 2081 518 2137 Sensatio
540 2082 622 2136 enim
638 2083 686 2136 est
706 2081 829 2136 inutilis
848 2081 887 2136 ad
911 2080 1129 2151 explicandam
1145 2077 1300 2146 originem

227 2169 381 2236 idearum,
398 2169 458 2225 nisi
478 2171 510 2226 vi
523 2169 714 2226 abstractiva
729 2171 871 2240 potiatur
886 2171 1083 2238 intellectus}

264 2330 327 2387 aia.
351 2331 404 2388 Dc
427 2331 576 2396 Bonald,
600 2332 863 2398 Malebranche.
881 2361 916 2372 —
935 2335 1038 2386 Pauca
1058 2329 1241 2400 adjiciemus
1266 2325 1304 2381 de

229 2421 495 2476 traditionalismo
525 2421 573 2492 (de
603 2422 731 2484 Bonaidt
756 2424 788 2476 et
814 2423 1022 2490 ontologismo
1049 2415 1298 2489 (Maiebranchet

230 2515 384 2578 quatenus
400 2510 541 2565 idearum
564 2511 730 2577 quamdam
746 2512 899 2579 originem
916 2510 1106 2580 important;
1132 2521 1204 2562 nam
1224 2505 1298 2560 alibi

230 2599 445 2654 confutantur.
462 2599 586 2654 Falsum
610 2601 656 2654 est
671 2599 756 2655 ideas
778 2601 809 2656 et
828 2600 1022 2668 cognitiones
1045 2599 1198 2654 humanas
1222 2595 1301 2650 oriri

231 2701 270 2742 ex
284 2687 351 2742 sola
365 2686 535 2742 traditione
552 2688 583 2742 et
597 2701 759 2754 sermone;
782 2689 895 2744 salsum
915 2691 964 2744 est
982 2688 1077 2742 etiam
1098 2701 1150 2742 eas
1165 2685 1244 2740 oriri
1261 2698 1302 2739 ex

231 2774 363 2842 guaiam
380 2776 549 2831 intuitione
564 2776 617 2832 Dei
630 2778 685 2832 aut
697 2778 841 2833 veritatis
857 2777 982 2834 divinae.

267 2937 330 2990 919.
341 2935 578 3006 obiectiones.
595 2967 629 2978 -
644 2937 672 2990 10
687 2939 866 2994 intellectus
883 2939 1049 3002 humanus,
1065 2937 1137 2991 eum
1159 2935 1202 2991 sit
1226 2949 1302 2990 con·

231 3025 317 3081 ditus
332 3026 371 3081 ad
386 3025 553 3095 imaginem
569 3027 633 3091 Dei,
654 3028 702 3082 est
715 3027 819 3096 aliquo
841 3027 931 3083 modo
947 3027 1060 3082 similis
1074 3029 1133 3081 Deo
1149 3038 1205 3095 per
1226 3038 1302 3092 cog-

232 3115 384 3170 nitionem
400 3115 601 3183 etspeciatim
616 3130 674 3185 per
688 3116 898 3185 cognitionem
910 3117 973 3172 Dei.
988 3116 1074 3172 Unde
1090 3115 1169 3170 ideis
1182 3113 1300 3170 innatis

233 3205 265 3260 et
279 3203 442 3275 speciatim
457 3203 528 3259 idea
542 3204 595 3258 Dei
610 3217 673 3259 non
687 3205 882 3262 destituitur.

269 3316 360 3391 Hesp.
377 3347 412 3359 -
426 3319 605 3374 Intellectus
627 3319 783 3375 humanus
800 3323 849 3376 est
866 3321 971 3390 aliquo
994 3320 1084 3376 modo
1108 3319 1223 3392 similis
1243 3321 1304 3373 Deo

233 3422 290 3478 per
303 3423 392 3462 suam
409 3407 616 3464 substantiam
632 3409 663 3464 et
678 3423 818 3477 persnas
838 3411 1014 3480 potentias;
1033 3423 1159 3465 necesse
1174 3421 1238 3464 non
1258 3409 1307 3465 est

234 3498 269 3552 ut
282 3497 324 3552 sit
344 3499 403 3552 Deo
423 3496 535 3552 similis
555 3512 610 3566 per
625 3512 696 3553 suas
711 3498 923 3569 operationes.

247 3587 250 3591 ’
268 3604 298 3655 2⁰
307 3603 351 3658 Ad
363 3604 509 3658 naturam
525 3604 662 3660 hominis
675 3605 813 3676 pertinet
827 3607 862 3661 ut
877 3605 1015 3676 seipsum
1031 3611 1207 3675 cognoscat,
1220 3617 1303 3662 sum·

232 3706 319 3748 mum
333 3691 448 3746 bonum
464 3707 519 3747 seu
535 3693 732 3749 beatudinem
749 3695 871 3750 vetitet
885 3697 1020 3764 quaram
1034 3695 1099 3750 haec
1112 3700 1220 3750 autem
1236 3709 1305 3765 cog-

235 3780 386 3836 nitionem
402 3781 434 3837 et
449 3780 535 3836 ideas
551 3781 737 3852 important.
