2828 4550
232 369 282 424 174
675 383 852 425 nuuomoua

230 494 312 550 nitas
325 494 432 575 autem
447 493 514 550 tota
528 493 624 549 simul
638 494 779 575 existens
798 493 898 548 ambit
912 493 1014 576 totum
1037 493 1173 561 tempus,
1190 493 1225 548 ut
1241 507 1300 548 su-

229 564 1299 717 struitilhttalrhrratuatutturuuuuhls

230 721 285 762 nes
300 721 406 762 rerum
422 707 506 777 apud
530 707 764 778 sepraesentes.
788 708 824 762 ut
848 706 973 774 quidam
998 706 1123 770 drount;
1148 706 1202 761 sed
1225 717 1300 773 qma

230 777 299 846 ejus
319 777 455 833 intuitus
477 777 581 834 fertur
598 777 636 832 ab
656 779 773 833 aeterno
798 791 894 848 supra
917 777 1032 840 omnia,
1057 778 1154 847 prout
1172 780 1247 832 sunt
1267 777 1301 831 in

230 847 287 902 sua
302 849 569 918 praesentialitate.
585 848 671 904 Unde
690 848 890 904 manifestum
910 850 958 903 est
981 849 1063 916 quod
1084 847 1301 917 contingentia

229 919 441 974 infallibiliter
464 934 483 973 a
506 921 567 974 Deo
586 925 824 988 cognoscuntur,
844 919 1030 986 inquantum
1054 919 1234 974 subduntur
1256 918 1301 974 di·
1392 919 1393 942 l

229 991 304 1046 vino
317 989 500 1061 conspectui
514 990 684 1045 secundum
707 1005 796 1048 suam
818 991 1118 1060 praesentialitatem‚
1142 991 1301 1044 ettamen

230 1063 304 1117 sunt
319 1061 428 1117 futura
441 1059 663 1130 contingentia,
680 1062 745 1117 suis
765 1062 866 1116 causis
882 1061 1033 1130 proximis
1052 1060 1300 1131 comparatam.

1154 1157 1300 1187 1¹⁹·-
1392 1143 1393 1162 ¹

268 1196 345 1250 1094.
366 1197 445 1252 Duo
463 1201 552 1251 sunt
562 1195 759 1251 asserenda
772 1195 907 1250 simul:
925 1195 1159 1266 praescientia
1178 1196 1244 1252 Dei
1262 1201 1301 1252 ct

231 1285 385 1340 libertas
403 1284 572 1340 humana.
586 1315 622 1326 -
646 1287 711 1340 Non
734 1284 904 1340 defuerunt
919 1283 1099 1354 philosophi
1114 1285 1169 1352 qui
1183 1299 1301 1356 perpe-

230 1373 298 1428 rhm
316 1374 534 1430 existimantes
560 1373 789 1443 praescientiam
816 1372 956 1429 divinam
981 1387 1051 1428 cum
1074 1373 1222 1430 libertate
1237 1374 1301 1429 hu-

232 1461 325 1516 manis
355 1476 416 1517 non
441 1477 532 1532 posse
555 1463 710 1532 componi,
736 1476 831 1516 unam
855 1464 911 1517 aut
931 1462 1063 1517 alteram
1092 1463 1300 1532 negaverunt.

231 1551 298 1614 Sed,
315 1551 387 1605 cum
403 1551 536 1619 utraque
553 1551 727 1605 certissime
752 1546 995 1615 demonstretur,
1021 1550 1134 1606 neutra
1159 1552 1303 1620 neganda

231 1641 288 1704 est,
306 1639 527 1695 nonobstante
544 1639 704 1708 mysterio,
722 1639 803 1707 quod
822 1639 914 1709 plane
938 1639 1075 1708 effugere
1099 1654 1162 1695 non
1185 1655 1303 1711 possu-

232 1743 316 1784 mus·
336 1728 492 1792 Quantum
509 1728 585 1783 satis
609 1741 657 1782 est
675 1728 833 1784 solvemus
846 1742 883 1784 ea
897 1741 966 1796 quae
981 1727 1070 1786 nobis
1090 1727 1300 1796 objiciuntur.

268 1862 348 1918 1095.
370 1853 543 1930 objectio.
568 1892 602 1902 -
633 1861 768 1918 scientia
790 1862 844 1916 Dei
871 1864 919 1917 est
942 1862 1036 1917 simul
1064 1865 1243 1918 neccssaria
1273 1865 1304 1918 ct

230 1965 325 2006 causa
338 1965 463 2014 rerum;
480 1951 562 2006 unde
576 1950 726 2020 quidquid
740 1954 818 2006 Deus
833 1950 920 2006 videt
934 1965 989 2006 seu
1005 1951 1165 2020 cognoscit
1177 1952 1302 2023 inprae·

231 2041 314 2096 senti
329 2040 379 2095 vel
391 2039 424 2095 in
438 2039 557 2105 futuro,
574 2039 749 2095 necessario
764 2039 909 2106 efficitur,
925 2040 957 2094 et
971 2039 1015 2094 sic
1028 2040 1153 2096 tollitur
1168 2041 1299 2098 libertas

233 2129 384 2184 humana.
940 2193 941 2199 ἵ

266 2215 362 2290 Hesp.
382 2247 415 2258 —
431 2219 573 2274 Primum
594 2217 725 2273 scientia
739 2217 791 2272 Dei
811 2217 859 2272 est
881 2230 975 2272 causa
999 2231 1117 2282 rerum,
1133 2219 1300 2277 voluntate

230 2309 335 2363 tamen
350 2306 514 2376 adJuncta.
531 2306 645 2362 Deinde
657 2305 789 2362 scientia
808 2306 839 2362 ct
854 2307 1001 2361 voluntas
1017 2307 1070 2362 Dei
1085 2309 1160 2364 sunt
1175 2309 1302 2376 quidem

230 2390 334 2466 prima
350 2409 446 2452 causa
470 2410 587 2460 rerum,
609 2395 664 2452 sed
685 2395 777 2450 homo
802 2395 851 2450 est
877 2395 1018 2463 quaedam
1038 2409 1132 2451 causa
1152 2398 1300 2461 secunda,

231 2486 322 2554 cujus
341 2485 486 2555 respectu
508 2487 596 2540 actus
619 2483 774 2539 humanus
792 2484 840 2539 est
858 2483 946 2539 liber.
963 2485 1099 2540 scientia
1112 2487 1222 2542 autem
1237 2489 1301 2552 Dei,

230 2588 299 2642 quae
312 2574 488 2629 necessario
501 2573 660 2642 cognoscit
679 2573 767 2628 actus
788 2572 912 2634 liberos,
928 2575 1083 2641 quatenus
1096 2588 1157 2631 eos
1180 2589 1301 2646 cogno-

230 2663 290 2717 scit
303 2662 488 2725 certissime,
507 2675 567 2716 non
583 2661 631 2716 est
645 2661 731 2716 certa
744 2661 806 2716 nisi
821 2661 894 2730 quia
917 2670 965 2716 est
983 2662 1101 2718 aeterna
1113 2665 1144 2718 et
1158 2677 1299 2734 praesens

230 2751 335 2807 rebus.
349 2750 436 2805 Unde
450 2749 711 2818 quemadmodum
727 2750 808 2806 visio
823 2750 910 2805 certa
934 2749 1068 2820 alicujus
1092 2751 1181 2807 actus
1204 2753 1297 2809 liberi

231 2841 285 2910 qui
307 2853 391 2894 nunc
415 2840 581 2895 exercetur
611 2853 673 2894 non
697 2839 782 2894 tollit
808 2839 985 2894 libertatem
1005 2841 1101 2910 hujus
1123 2841 1224 2906 actis,
1255 2843 1300 2898 ita

231 2927 429 3000 praescientia
444 2927 551 2983 divina
563 2927 740 2984 libertatem
756 2927 844 2982 actis
858 2928 989 2982 humani
1001 2943 1063 2985 non
1077 2930 1171 2986 tollit.

268 3017 412 3082 Aliunde,
440 3031 502 3071 non
530 3015 633 3073 solium
657 3017 823 3072 causalitas
848 3017 957 3072 divina
980 3018 1158 3074 libertatem
1182 3018 1299 3076 huma·

232 3121 304 3162 nam
320 3120 382 3160 nou
392 3106 486 3166 tollit,
503 3105 664 3160 sedetiam
679 3120 747 3161 eam
761 3106 878 3161 causat
889 3108 965 3162 Nam
980 3109 1061 3164 Deus
1071 3108 1116 3163 ita
1129 3109 1302 3180 estpotens

232 3196 269 3251 ut
283 3195 408 3251 moveat
422 3208 673 3262 unamquamque
689 3195 865 3250 creaturam
880 3195 1050 3251 secundum
1066 3196 1135 3266 ejus
1147 3199 1278 3254 modum
1294 3213 1301 3250 ε

232 3285 314 3340 unde
326 3297 436 3339 causas
451 3282 595 3353 physicas
610 3285 716 3340 movet
730 3284 868 3354 physice,
884 3286 917 3340 et
934 3297 1045 3342 causas
1059 3285 1173 3344 liberas
1187 3286 1298 3344 libere.

231 3373 276 3428 Ad
286 3374 397 3428 rems.
416 3371 497 3426 Th:

266 3481 341 3534 cum
357 3481 463 3550 aliqua
481 3494 576 3535 causa
599 3479 709 3534 efficax
729 3479 827 3535 fuerit
844 3479 883 3534 ad
898 3481 1065 3548 agendum,
1082 3483 1211 3539 effectus
1228 3497 1302 3538 oon-

232 3551 376 3619 sequitur
389 3565 516 3607 causam
528 3565 591 3606 non
606 3551 729 3606 tantum
745 3551 915 3606 secundum
930 3551 962 3606 id
977 3553 1061 3620 quod
1075 3551 1121 3617 fit,
1137 3554 1190 3609 sed
1205 3555 1301 3610 etiam

231 3621 400 3677 secundum
426 3621 553 3678 modum
576 3620 671 3677 flendi
696 3621 747 3678 vel
771 3622 903 3678 essendi.
926 3624 1002 3678 cum
1025 3623 1127 3692 igitur
1154 3625 1301 3682 voluntas

265 3787 300 3849 (1)
316 3787 351 3844 1²,
371 3801 396 3852 q.
413 3789 450 3848 14,
467 3801 491 3837 a.
510 3788 549 3838 13.
