2910 4568
243 369 280 426 44
466 378 471 383 ·
672 385 886 428 rsrouonocui

243 497 318 550 vero
334 494 482 562 tanquam
498 507 548 550 res
572 495 699 551 amodo
721 511 777 552 suo
802 497 889 552 reali.
908 499 976 552 Haec
1002 497 1138 553 secunda
1153 497 1316 553 distinctio

244 583 386 640 sufficere
406 583 548 652 videtum
564 583 618 639 sed
631 584 801 654 rejicienda
816 586 864 642 est
879 585 1038 642 distinctio
1055 601 1139 642 mere
1153 585 1262 656 logiba.
1310 593 1312 598 “

279 755 343 807 794.
356 747 595 822 objectiones.
610 782 644 794 -
669 754 700 824 l⁰
714 755 826 808 Forma
840 755 1057 810 substantialis
1077 762 1125 811 est
1145 753 1317 826 perfectior

244 841 348 898 torma
361 842 557 898 accidentali.
574 843 668 912 Atqui
687 843 790 898 torma
805 843 1006 900 accidentalis
1021 845 1069 900 est
1086 844 1155 914 ipsa
1170 857 1227 900 sua
1245 843 1318 897 vir-

244 934 308 986 tus.
324 933 403 1000 Ergo
414 930 516 986 forma
531 931 758 996 substantialis,
773 932 966 1002 proindeque
981 934 1097 998 anima,
1112 933 1161 988 est
1174 931 1243 1004 ipsa
1257 945 1317 987 sua

242 1019 348 1074 virtus
364 1034 419 1075 seu
434 1019 584 1089 potentia.

279 1123 371 1195 Resp.
383 1155 417 1166 -
432 1129 545 1182 Forma
564 1127 780 1183 substantialis
796 1130 844 1183 est
865 1127 1006 1184 absolute
1028 1127 1198 1198 perfectior
1212 1126 1317 1183 torma

242 1215 444 1280 accidentali;
460 1215 514 1270 sed
534 1216 599 1272 haec
614 1217 675 1272 diei
690 1217 794 1286 potest
808 1215 979 1288 perfectior
998 1217 1142 1282 relative,
1159 1224 1317 1286 quatenus

243 1305 291 1359 est
310 1303 501 1376 principium
526 1305 717 1374 operationis
740 1305 970 1361 immediatum.
998 1308 1111 1362 Forma
1132 1307 1216 1362 enim
1238 1307 1317 1362 sub-

245 1393 403 1449 stantialis
419 1393 473 1448 dat
487 1394 625 1466 primum
642 1409 719 1461 esse,
736 1409 803 1450 esse
818 1394 1021 1465 simpliciter;
1033 1395 1136 1451 forma
1147 1398 1222 1451 verb
1237 1397 1318 1450 acci·

243 1481 376 1550 dentalis
392 1483 446 1538 dat
458 1496 525 1538 θεεθ
540 1483 602 1539 tale
617 1485 649 1539 et
672 1483 857 1555 dependens.
875 1485 970 1549 Unde,
988 1484 1061 1540 licat
1079 1485 1222 1556 potentia
1240 1485 1317 1538 ani-

244 1585 326 1626 mam
340 1569 493 1641 perficiat,
513 1573 619 1628 tamen
635 1573 742 1627 anima
766 1575 814 1629 θεῖ
833 1573 1020 1643 simpliciter
1034 1572 1205 1644 perfectior
1219 1573 1318 1642 quam

244 1661 395 1731 potentia.

277 1759 307 1813 2⁰
322 1761 389 1814 Non
413 1759 506 1815 datur
526 1759 663 1815 medium
688 1760 771 1814 inter
791 1759 998 1816 substantiam
1023 1762 1055 1815 et
1078 1760 1228 1815 accidens.
1256 1761 1317 1814 Sed

240 1849 390 1919 potentiae
415 1850 527 1904 animae
548 1848 670 1919 (saltem
690 1848 869 1905 intellectus
890 1851 922 1905 et
945 1849 1038 1918 ratio)
1058 1864 1120 1905 non
1141 1849 1216 1904 sunt
1230 1850 1318 1905 acci-

242 1937 363 2004 dentia;
381 1953 453 1993 nam
470 1953 526 2010 per
540 1939 608 1994 illas
624 1939 717 1994 homo
734 1939 977 2002 delinitur,oi1m
993 1938 1146 1994 dicimus:
1161 1939 1318 1994 homoest

241 2028 358 2082 animal
374 2024 539 2082 rationale.
557 2030 636 2096 Ergo
651 2029 799 2098 potentiae
816 2029 927 2082 animae
948 2027 1069 2097 (saltem
1084 2027 1263 2082 intellectus
1285 2029 1319 2084 θῖ

243 2115 336 2186 ratio)
352 2131 414 2172 non
430 2118 503 2172 sunt
518 2117 690 2172 accidentia
705 2118 757 2172 sed
777 2117 845 2186 ipsa
859 2117 971 2172 animae
987 2117 1172 2172 substantia.

279 2220 374 2296 Hesp.
389 2254 422 2262 -
437 2225 504 2278 Non
520 2223 613 2279 datur
627 2223 764 2278 medium
778 2224 861 2279 inter
876 2223 1066 2292 categoriam
1082 2222 1266 2278 substantiae
1284 2226 1318 2280 et

243 2313 431 2381 categoriam
447 2313 631 2379 accidentis3
649 2313 702 2370 sed
717 2327 829 2368 revera
840 2313 889 2368 θεῖ
903 2312 1057 2380 quoddam
1075 2312 1213 2367 medium
1229 2312 1319 2368 inter

242 2401 450 2459 substantiam
466 2417 521 2458 seu
537 2403 706 2458 essentiam
721 2401 853 2470 logicam
874 2403 905 2456 et
919 2401 1062 2456 accidens
1076 2406 1086 2454 ἐ
1104 2400 1222 2456 scilieet
1232 2415 1318 2474 pro·

239 2489 361 2562 prium,
386 2491 454 2546 sive
477 2491 666 2561 proprietas.
694 2491 783 2546 Ratio
807 2491 912 2545 autem
933 2491 980 2545 θεῖ
1000 2489 1176 2560 proprietas
1201 2489 1318 2559 hujus-

244 2580 345 2644 modi;
370 2579 451 2634 unde
475 2594 532 2649 per
558 2579 712 2634 rationem
734 2579 826 2634 homo
851 2578 976 2634 deliniri
1001 2581 1114 2648 potest,
1136 2577 1208 2633 licet
1231 2579 1318 2635 ratio

242 2679 309 2738 ipsa
324 2681 386 2722 non
401 2669 443 2722 sit
458 2668 644 2748 substantia,
663 2667 716 2724 sed
731 2669 873 2724 accidens
888 2668 1169 2738 praedicamentale.
1185 2667 1230 2722 Ad
1245 2681 1316 2723 rem

242 2757 269 2810 S.
286 2757 341 2810 Tb.
358 2773 365 2808 ε

183 2913 185 2917 «
277 2871 307 2924 si
323 2871 465 2928 accidens
478 2873 651 2943 accipiatur
663 2873 836 2928 secundum
852 2873 932 2942 quod
948 2873 1104 2928 dividitur
1120 2873 1230 2927 contra
1243 2873 1317 2928 sub-

242 2943 401 3007 stantiam,
421 2944 466 2999 sic
489 2943 569 2998 nihil
584 2947 689 3014 potest
708 2959 775 3000 esse
792 2945 929 3000 medium
944 2945 1029 2999 inter
1053 2943 1262 2998 substantiam
1283 2947 1318 3000 et

235 3013 400 3086 ‚accidens;
414 3015 487 3081 quia
498 3015 686 3071 dividuntur
697 3016 868 3072 seeundum
878 3016 1120 3070 affirmationem
1131 3017 1163 3069 θῖ
1175 3014 1316 3083 negatio·

241 3099 323 3149 nem,
346 3086 465 3141 scilieet
485 3087 656 3141 secundum
677 3101 743 3142 esse
761 3089 794 3142 in
814 3087 953 3156 subJ'eoto
971 3091 1002 3141 et
1023 3101 1085 3141 non
1101 3100 1167 3141 esse
1189 3086 1221 3139 in
1237 3086 1318 3141 sub-

240 3155 335 3223 jecto.
348 3157 385 3211 Et
395 3156 452 3212 hor
469 3157 570 3222 mod0,
587 3159 658 3212 oiim
668 3159 809 3228 potentia
824 3159 936 3214 animae
950 3171 1012 3212 non
1028 3157 1070 3212 sit
1084 3157 1151 3225 ejus
1167 3157 1315 3223 essentia,

243 3228 365 3296 oportet
379 3228 461 3296 quod
474 3229 516 3282 sit
530 3229 671 3284 accidens
684 3246 691 3295 ;
708 3231 740 3284 θῖ
754 3232 802 3285 θεῖ
820 3230 854 3284 in
871 3229 1008 3284 secunda
1022 3229 1125 3298 speeie
1140 3227 1315 3296 qualitatis.

242 3299 273 3352 Si
297 3301 372 3352 verb
400 3299 572 3367 accipiatur
600 3300 741 3355 accidens
763 3301 934 3356 secundum
959 3300 1040 3368 qubd
1062 3299 1193 3369 ponitur
1214 3313 1317 3354 unuin

241 3369 378 3438 quinque
393 3370 631 3434 universalium,
649 3371 698 3426 sic
708 3371 827 3439 aliquid
841 3374 889 3426 est
911 3371 1046 3426 medium
1067 3372 1151 3424 inter
1171 3368 1319 3424 substan-

240 3439 317 3494 tiam
334 3442 366 3494 et
384 3441 541 3507 accidens;
560 3441 634 3510 quia
652 3442 691 3497 ad
713 3442 922 3498 substantiam
946 3441 1085 3512 pertinet
1099 3441 1251 3509 quidquid
1266 3443 1318 3496 est

241 3511 406 3566 essentiale
423 3513 468 3566 rel
481 3528 488 3577 3
501 3526 563 3567 non
577 3515 683 3569 autem
699 3513 850 3582 quidquid
861 3515 908 3568 est
920 3514 1011 3568 extra
1026 3511 1194 3566 essentiam
1210 3512 1319 3581 potest

241 3583 285 3636 sie
300 3581 361 3637 dici
376 3583 528 3645 accidens,
545 3584 598 3638 sed
617 3584 719 3639 solum
739 3584 771 3639 id
792 3585 872 3652 quod
897 3599 960 3640 non
974 3586 1123 3639 causatur
1144 3597 1184 3638 ex
1198 3583 1319 3653 prinoi-

240 3653 300 3722 piis
316 3653 534 3708 essentialibus
554 3655 681 3725 speciei.
698 3657 866 3725 Proprium
880 3656 963 3710 enim
983 3669 1045 3710 non
1060 3655 1108 3709 θεῖ
1127 3653 1163 3708 de
1178 3653 1319 3708 essentia

238 3724 295 3785 rei,
320 3725 373 3780 sed
398 3739 438 3780 ex
461 3725 625 3796 principiis
650 3725 870 3781 essentialibus
895 3726 1009 3796 speciei
1038 3726 1206 3790 causatur;
1230 3724 1318 3780 unde

238 3795 375 3850 medium
388 3801 436 3851 θεῖ
450 3796 534 3850 inter
549 3797 718 3852 essentiam
734 3798 765 3852 et
780 3797 958 3852 accidens...
976 3799 1013 3852 m
1028 3797 1087 3852 hoc
1103 3797 1194 3852 modo
1206 3796 1318 3867 poten·
