2790 4546
2 3846 3 3857 l

1 3902 6 3995 1

1 4015 2 4034 l

311 413 411 456 orror
431 415 538 456 nxxxr.
554 431 587 440 —
602 401 741 469 0111298,
754 391 831 465 1200,
844 400 1012 466 13001301.
1143 403 1198 457 277

121 525 211 591 tolus
227 540 234 580 :
255 545 269 576 0
284 525 361 587 Viri,
374 525 495 594 diligite
511 541 625 582 uxores
641 528 773 592 vestras,
787 526 869 582 sicut
883 527 914 582 et
929 527 1069 582 Christus
1084 526 1198 582 dilexit

120 613 296 670 Ecclesiam
312 615 344 668 et
356 614 494 685 seipsum
509 615 642 672 tradidit
656 630 714 686 pro
729 615 774 670 00.
794 636 807 666 0
831 615 841 685 (
860 617 880 685 ).

158 703 289 771 Deinde,
324 703 395 758 cum
429 705 572 774 oporteat
605 704 757 759 familiam
791 717 857 761 esse
890 718 996 769 unam,
1026 705 1078 759 vir
1106 703 1197 760 debet
1289 685 1292 688 ¹

122 805 273 862 praeesse.
298 791 384 846 Unde
404 791 481 846 dicit
503 793 585 847 idem
606 793 773 863 Apostolus
800 811 806 847 :
832 793 1007 849 «Mulieres
1032 793 1110 848 viris
1131 793 1196 849 suis

120 881 262 936 subditae
277 881 341 935 sint
354 881 436 936 sicut
450 883 580 938 Domino
602 898 608 936 :
626 882 773 950 quoniam
789 883 841 938 vir
856 884 950 954 caput
974 883 1021 938 est
1041 883 1195 951 mulieris,

121 970 208 1025 sicut
232 969 375 1025 Christus
399 971 494 1039 caput
517 972 565 1026 est
592 971 735 1026 Ecclesiae
761 988 768 1023 ε
789 973 855 1042 1000
884 972 1023 1027 salvator
1054 973 1195 1043 corporis

119 1057 225 1125 ejus»
251 1059 301 1128 (2).
326 1060 396 1114 11000
419 1059 524 1114 autem
549 1060 688 1130 potestas
712 1059 775 1115 viri
798 1075 859 1116 non
883 1065 928 1115 est
952 1060 1120 1130 despotica,
1142 1063 1196 1116 sed

119 1148 227 1214 qualis
243 1147 331 1202 decet
346 1147 430 1202 inter
444 1149 571 1203 amicos.

164 1237 287 1306 Tertio,
321 1237 392 1290 oiim
424 1237 595 1291 secundum
632 1237 731 1307 legem
765 1239 969 1300 matrimonii,
1008 1238 1123 1293 mulier
1155 1237 1197 1293 sit

121 1325 186 1380 viri
203 1326 237 1380 et
252 1324 304 1379 vir
325 1325 368 1381 sit
392 1325 533 1381 mulieris
553 1327 586 1380 10
601 1322 710 1382 ordine
732 1327 771 1381 ad
787 1327 1015 1398 susceptionem
1045 1326 1195 1390 liliorum,

121 1414 283 1469 servanda
302 1414 350 1469 est
371 1415 483 1470 mutua
504 1414 592 1470 fides.
618 1415 704 1471 Unde
728 1416 919 1471 adulterium
940 1430 1002 1471 000
1023 1417 1070 1471 001
1096 1415 1196 1471 solum

121 1505 238 1558 contra
253 1503 440 1568 castitatem,
459 1504 511 1558 sed
536 1505 631 1559 etiam
656 1505 765 1560 contra
776 1503 936 1571 iustitiam
952 1515 983 1560 et
998 1504 1103 1560 omnia
1117 1503 1198 1558 bona

123 1591 334 1648 matrimonii.
350 1594 422 1656 Quae
447 1592 510 1647 tria
534 1595 742 1648 numerantur
758 1609 764 1646 ι
780 1592 868 1664 fides,
879 1591 994 1664 proles,
1010 1607 1198 1648 sacromen-

4 1725 5 1728 ,
121 1687 203 1734 ium.

158 1770 279 1824 Deinde
303 1772 449 1840 parentes
483 1771 633 1826 tenentur
657 1771 751 1826 simul
768 1772 807 1826 ad
830 1785 944 1841 pueros
966 1770 1103 1836 alendos,
1133 1770 1197 1825 ins-

123 1859 279 1914 truendos
295 1860 326 1914 et
345 1859 529 1924 educandos
547 1860 613 1914 sive
629 1873 686 1930 per
710 1860 828 1929 seipsos
851 1861 916 1914 sive
941 1850 996 1929 per
1016 1859 1194 1928 magistros,
1282 1867 1285 1875 '

122 1961 181 2015 pro
198 1946 450 2002 0000000111000
470 1948 598 2016 suisque
612 1947 829 2004 facultatibus

163 2071 248 2126 1300.
268 2071 439 2127 Filiorum
458 2077 495 2128 et
514 2087 704 2128 servorum
729 2074 856 2130 0111010.
873 2073 1072 2128 -Filiorum
1095 2073 1196 2128 officia

122 2159 311 2229 parentibus
326 2160 437 2216 officiis
452 2162 627 2232 rependent
647 2163 740 2229 atque
755 2163 860 2218 omnia
874 2161 991 2232 pietate
1015 2162 1104 2217 filiali
1119 2175 1195 2216 con-

123 2249 285 2304 tinentur.
304 2249 407 2304 Pietas
420 2250 503 2304 enim
523 2253 570 2305 est
584 2265 673 2305 amor
688 2252 825 2321 optimus
845 2251 959 2319 quoad
976 2251 1081 2305 omnia
1100 2264 1196 2320 opera

123 2337 330 2406 gratitudinis
345 2339 376 2392 et
388 2339 573 2394 obedientiae
587 2340 711 2394 animus
725 2341 866 2395 suaviter
880 2339 1071 2394 inclinatur?

161 2428 333 2482 Servorum
359 2427 465 2481 autem
490 2427 592 2482 officia
617 2429 648 2482 et
676 2427 752 2495 Jura
784 2428 1010 2496 quodammodo
1028 2427 1195 2482 imitantur

122 2513 229 2568 officia
244 2515 276 2569 et
291 2515 366 2583 jura
381 2513 530 2578 filiorum,
548 2517 657 2572 saltem
673 2517 757 2572 inter
770 2516 976 2581 christianos;
994 2530 1065 2570 nam
1090 2515 1196 2570 domi-

124 2617 186 2659 nus
203 2603 366 2658 habendus
379 2607 427 2658 est
440 2607 588 2672 tanquam
603 2608 702 2676 pater.

163 2725 244 2780 1301.
279 2727 368 2782 Jura
395 2732 550 2797 paterna
579 2727 677 2786 circa
701 2729 859 2784 illiorum
886 2727 1143 2784 educationem.
1161 2757 1194 2766 -

124 2817 211 2870 lnter
223 2814 299 2882 jura
313 2815 452 2884 paterna,
470 2817 531 2871 duo
547 2816 696 2872 videntur
710 2818 861 2888 praestare
876 2817 988 2872 ceteris
1013 2833 1020 2868 ι
1040 2816 1094 2884 jus
1115 2816 1195 2871 01100

123 2903 291 2968 00000001,
307 2919 364 2974 001·
379 2919 410 2959 00
425 2905 476 2959 vel
490 2920 546 2974 per
560 2905 667 2970 alium,
678 2907 767 2975 etjus
779 2905 1013 2961 transmittendi
1024 2905 1097 2961 filiis
1109 2904 1196 2960 here-

124 2993 268 3048 ditatem.
286 2993 391 3047 Primo
407 2994 531 3061 quidem
553 2995 607 3062 jus
630 2995 781 3050 educandi
803 2993 885 3050 filios
910 2995 1013 3049 oritur
1035 2994 1141 3068 statim
1156 3008 1195 3048 ex

124 3081 228 3136 officio
244 3082 522 3151 gravissimoquod
537 3084 611 3140 0010
623 3084 691 3152 jnri
706 3086 883 3155 respondet.
900 3085 993 3160 Pater
1007 3084 1089 3138 enim
1106 3082 1197 3137 debet

125 3169 202 3226 01110
217 3170 368 3240 00100010
382 3172 427 3226 010
441 3173 652 3228 necessarium
663 3173 709 3228 est
721 3174 758 3228 ut
772 3173 870 3228 vitam
886 3174 1045 3228 honestam
1058 3171 1196 3226 1000010-

127 3259 193 3314 tate
208 3258 322 3314 ducere
339 3261 471 3329 possint.
496 3263 557 3316 Nec
572 3261 704 3317 societas
725 3262 830 3332 potest
843 3261 1103 3332 patremfamilias
1124 3261 1195 3330 pri-

126 3347 377 3416 varejure.suo;
402 3363 474 3404 nam
500 3349 619 3405 familia
640 3352 688 3406 est
710 3351 796 3419 prior
822 3350 970 3406 societate
990 3349 1083 3404 civili.
1109 3348 1195 3404 Unde

124 3436 200 3504 iura
233 3439 265 3492 et
295 3437 397 3494 officia
429 3441 596 3508 parentum
621 3439 794 3496 auotoritas
818 3440 942 3510 publica
966 3439 1086 3494 sancire
1101 3439 1195 3506 atque

127 3526 211 3580 tueri
227 3526 337 3592 debet;
354 3527 407 3583 sed
423 3542 484 3584 non
499 3530 601 3598 potest
609 3544 644 3584 ea
652 3529 712 3584 sibi
722 3529 882 3585 vindicare
897 3529 957 3584 nisi
970 3542 1026 3599 per
1040 3527 1193 3591 accidens,

126 3611 343 3670 deficientibus
356 3616 554 3684 parentibus;
570 3619 709 3686 alioquin
723 3617 844 3673 familia
859 3617 1086 3673 destrueretur.

158 3765 193 3829 (l)
206 3767 320 3828 aphes..
339 3783 363 3825 v,
381 3767 422 3816 25.

158 3828 193 3890 (2)
209 3830 297 3888 loia,
312 3831 354 3880 22.
