2790 4546
248 435 304 490 276
661 447 713 489 sus
732 447 905 488 unruaanu

248 559 335 614 nium
352 557 607 622 christianorum,
628 558 699 612 666
714 558 756 614 611
770 557 928 613 elevatum
945 557 983 614 ad
1003 558 1184 628 dignitatem
1205 570 1292 614 saona·

249 643 358 711 menti,
379 647 439 716 legi
465 646 552 702 civili
578 660 641 701 nou
669 645 838 716 subjicitur
862 647 963 715 quoad
987 647 1158 703 vinculum.
1182 647 1233 702 Sed
1252 646 1292 701 len

247 736 350 804 civilis
375 737 513 791 statuere
542 735 647 806 potest
675 735 816 802 quaedam
843 736 1068 805 impedimenta
1095 735 1291 806 impedientia:

247 826 386 882 statuere
401 825 496 880 etiam
511 824 617 894 potest
637 824 721 880 circa
740 824 869 880 61166166
891 823 1001 880 civiles
1022 825 1217 888 matrimonii,
1241 823 1293 878 sive

247 913 330 970 circa
344 915 522 969 contractus
537 913 590 980 661
604 913 781 968 contractui
797 912 1022 968 matrimoniali
1036 915 1247 970 annectuntur.

289 1046 365 1102 1298.
391 1047 683 1116 0616666666.-
709 1046 736 1099 1⁰
759 1046 959 1102 Matrimonia
989 1048 1127 1102 maxime
1155 1043 1294 1102 conferunt

249 1136 288 1192 ad
303 1137 418 1192 bonum
433 1150 597 1192 commune
616 1135 683 1190 sive
705 1135 864 1191 societatis
885 1136 1143 1206 prosperitatem.
1160 1137 1234 1202 Ergo
1246 1133 1292 1200 legi

249 1225 335 1280 civili
355 1225 576 1294 subjiciuntur.

285 1312 378 1386 Rcsp.
395 1345 429 1356 -
445 1316 585 1370 Primum
608 1315 640 1372 61
663 1314 843 1369 immediate
864 1315 1067 1370 matrimonia
1089 1314 1245 1371 conferunt
1263 1312 1292 1366 ad

249 1402 365 1458 bonurn
387 1403 544 1458 individui
569 1405 600 1458 61
630 1403 759 1458 familiae
781 1417 899 1458 necnon
925 1403 963 1458 ad
986 1402 1102 1458 bonum
1132 1405 1294 1459 animarum.

249 1491 336 1546 Unde
355 1492 492 1562 primam
513 1495 544 1546 61
562 1492 772 1548 essentialiter
791 1491 999 1561 dependente
1014 1492 1088 1562 jure
1103 1495 1219 1548 naturae
1237 1503 1296 1545 nec·

250 1593 311 1634 non
327 1580 429 1648 aJ'ure
454 1579 560 1635 divino
583 1581 615 1635 et
633 1595 652 1636 a
671 1579 746 1648 J'ure
766 1580 985 1636 ecclesiastico.
1012 1581 1128 1636 Deinde
1147 1577 1297 1651 dependent

249 1669 345 1724 etiam
361 1683 379 1721 a
393 1669 460 1737 lege
473 1669 559 1723 civili
575 1669 675 1739 quoad
691 1669 844 1738 quaedam,
861 1669 896 1724 61
918 1669 1037 1724 616166
1057 1672 1115 1736 661,
1140 1670 1185 1725 116
1206 1671 1237 1724 61
1256 1668 1296 1722 len

251 1757 354 1812 civilis
391 1771 427 1812 ea
445 1757 590 1812 ordinare
617 1759 717 1829 possit
749 1758 787 1813 ad
819 1757 935 1812 bonum
969 1772 1144 1814 commune.
1176 1758 1218 1814 Ad
1244 1769 1296 1811 rem

250 1849 278 1902 S.
300 1846 375 1901 Th.:

286 1953 550 2008 considerandum
562 1953 610 2008 est
625 1954 729 2008 autem
746 1955 838 2022 6666,
854 1955 977 2022 quando
993 1953 1111 2022 aliquid
1126 1955 1164 2010 ad
1179 1955 1297 2010 diversos

250 2022 328 2078 11666
352 2024 527 2087 ordinatur,
549 2025 670 2092 indiget
688 2025 803 2079 habere
825 2025 950 2080 diversa
972 2025 1143 2094 dirigentia
1163 2027 1194 2080 in
1212 2025 1296 2085 finem,

251 2095 324 2162 quia
337 2094 407 2150 iinis
423 2097 470 2150 661
484 2097 740 2164 proportionatus
755 2096 871 2164 agenti.
889 2097 1053 2150 Generatio
1066 2097 1172 2152 autem
1185 2097 1300 2152 humana

251 2165 295 2221 ad.
306 2166 405 2219 multa
419 2167 594 2229 ordinatur,
611 2166 730 2221 scilicet
745 2167 783 2220 ad
803 2166 1047 2236 perpetuitatem
1076 2169 1200 2236 speciei,
1223 2167 1249 2221 61
1268 2163 1297 2216 ad

250 2237 494 2306 perpetuitatem
519 2237 654 2306 alicuius
681 2237 753 2292 boni
773 2238 904 2306 politici,
932 2237 1192 2308 661666661116
1215 2233 1299 2302 aliqui

251 2309 379 2362 civitate
392 2325 399 2374 ;
414 2309 580 2363 ordinatur
594 2309 689 2363 etiem
710 2309 748 2362 ad
763 2309 1008 2378 perpetuitatem
1023 2309 1177 2373 Ecclesiae,
1198 2322 1257 2378 666
1273 2305 1298 2358 16

250 2378 389 2434 11661166
406 2380 587 2434 collectione
611 2379 764 2434 consistit.
780 2379 865 2434 Unde
890 2382 1015 2449 oportet
1034 2381 1116 2448 6666
1139 2375 1298 2449 hujusmodi

252 2450 412 2518 generatio
430 2466 448 2504 a
466 2451 598 2505 diversis
615 2451 781 2518 dirigatur.
798 2452 831 2504 ln
856 2451 1008 2519 quantum
1031 2451 1132 2518 igitur
1155 2449 1300 2506 ordinatur

250 2521 289 2576 ad
306 2521 421 2575 bonum
437 2527 568 2585 naturae,
584 2521 664 2586 6666
687 2524 734 2575 661
755 2522 952 2592 perpetuitas
977 2522 1101 2592 speciei,
1123 2523 1261 2591 dirigitur
1274 2517 1299 2570 in

251 2591 345 2646 finem
362 2591 509 2646 enatura
526 2591 695 2646 inclinante
713 2592 746 2645 in
772 2593 854 2647 hunc
875 2593 979 2656 11666,
996 2594 1027 2647 61
1049 2593 1093 2648 616
1118 2594 1228 2649 dicitur
1245 2601 1300 2644 6666

252 2664 372 2716 naturae
387 2663 534 2717 cilicium.
552 2665 585 2717 ln
601 2664 753 2730 quantum
769 2666 845 2717 vero
867 2663 1034 2718 ordinatur
1050 2663 1089 2718 ad
1105 2663 1218 2719 bonum
1231 2658 1299 2731 poli·

251 2733 360 2796 ticum,
376 2733 518 2801 subjacet
532 2733 722 2789 ordinationi
742 2734 819 2802 legis
843 2734 957 2788 civilis.
979 2735 1012 2788 lu
1036 2737 1189 2803 quantum
1212 2732 1299 2788 autem

252 2803 418 2856 ordinatur
437 2804 474 2856 ad
491 2804 605 2858 bouum
628 2805 780 2866 Ecclesiae,
797 2806 921 2873 oportet
940 2805 1021 2871 6666
1050 2806 1208 2874 subjaceat
1229 2800 1300 2868 regi-

252 2873 329 2926 mini
345 2874 561 2929 ecclesiastico.
580 2878 621 2928 Ea
633 2877 739 2930 autem
754 2888 822 2944 666
836 2875 950 2945 666616
966 2889 1022 2944 per
1037 2877 1199 2932 ministros
1214 2873 1298 2930 Eccle-

252 2943 306 2998 siae
326 2944 547 3013 dispensantur
571 2949 767 3001 saoramenta
790 2947 948 3000 dicuntur.
969 2947 1203 3002 Matrimonium
1217 2945 1301 3012 igitur

251 3015 422 3069 66666666
443 3017 524 3083 6666
548 3017 693 3072 consistit
713 3017 746 3070 16
771 3015 992 3084 conjunctione
1016 3019 1113 3074 maris
1138 3022 1169 3074 61
1194 3015 1301 3073 femina

251 3085 483 3152 intendentium
502 3089 620 3156 prolem
635 3089 673 3142 ad
688 3089 808 3142 cultum
828 3089 882 3142 Dei
904 3103 1054 3156 generare
1069 3091 1101 3145 61
1119 3091 1245 3146 educare
1263 3085 1302 3139 est

251 3157 394 3212 66616616
413 3161 676 3213 sacramentum...
695 3158 732 3229 (l)

290 3291 369 3344 1299.
390 3290 481 3345 Jura
495 3294 533 3345 61
546 3291 666 3346 cilicia
684 3305 767 3362 quae
784 3306 829 3346 ex
843 3291 1071 3348 matrimonio
1087 3293 1257 3351 oriuntur.
1274 3314 1301 3327 -

249 3371 326 3434 lura
339 3382 370 3434 61
383 3379 484 3434 officia
497 3379 666 3448 conjugum
683 3383 797 3435 natura
815 3381 884 3450 ipsa
902 3381 992 3436 66661
1014 3382 1045 3436 61
1066 3381 1117 3437 lex
1141 3377 1302 3448 evangelica

250 3467 440 3524 mirabiliter
475 3469 669 3524 cohonestat.
696 3467 852 3538 conjuges
882 3470 1032 3525 tenentur
1064 3471 1103 3524 ad
1137 3469 1299 3526 societatem

251 3556 453 3629 domesticam
478 3557 510 3610 in
543 3558 730 3626 perpetuum
764 3559 795 3613 et
827 3559 865 3612 ad
899 3572 1037 3614 amorem
1059 3559 1203 3614 mutuum
1222 3565 1300 3625 quem

248 3643 355 3700 fovere
371 3647 403 3700 et
417 3646 564 3714 perficere
580 3646 705 3714 oportet
721 3646 757 3700 de
782 3646 831 3701 die
854 3647 887 3700 in
904 3646 997 3702 6166.
1021 3647 1106 3702 Unde
1128 3646 1202 3702 dicit
1215 3650 1302 3714 Apos-

281 3845 315 3906 (1)
333 3846 390 3910 09..
401 3847 419 3896 l.
436 3847 479 3908 IV,
495 3861 537 3911 cp.
555 3862 668 3898 uxxvru.
