2790 4546
236 366 289 423 234
718 381 835 424 arares

234 491 389 563 cipiorum
405 491 585 557 moralium,
601 493 633 548 et
647 493 724 548 tunc
740 506 802 548 non
816 491 946 549 videtur
960 491 1089 548 differre
1102 507 1122 548 a
1131 494 1292 564 synderesi.

237 580 432 637 conscientia
454 581 560 637 antem
581 581 710 638 moralis
734 581 783 637 est
804 582 893 637 actus
916 581 967 636 vel
990 581 1086 637 etiam
1103 582 1232 640 facultas
1245 583 1298 654 qua

238 669 408 726 secundum
423 669 522 740 legem
538 670 716 727 naturalem
735 671 823 727 actus
836 671 961 728 nostros
972 670 1154 740 judicamus
1169 671 1215 742 (l).

277 803 354 858 1222.
371 803 518 860 Moralls
537 804 718 860 naturalis
735 805 898 874 primum
916 801 1146 876 principium.
1162 837 1196 848 -
1207 807 1295 863 Multa

239 893 312 948 sunt
326 893 481 964 principia
495 907 551 949 seu
565 895 721 965 praecepta
733 894 809 962 legis
826 894 999 960 naturalis;
1020 895 1074 950 sed
1089 895 1194 951 omnia
1209 909 1295 950 revo-

239 982 352 1037 cantur
366 981 404 1037 ad
419 981 544 1051 aliquod
559 982 708 1053 primum,
730 982 869 1039 scilicet:
886 979 1008 1036 Bonum
1021 984 1066 1038 est
1081 981 1257 1054 faciendum
1271 984 1297 1036 et

239 1069 361 1124 malum
376 1068 554 1125 citandum.
571 1073 634 1126 lloc
648 1071 732 1127 enim
757 1072 863 1127 statim
879 1071 1022 1141 exsurgit
1043 1087 1083 1127 ex
1102 1071 1218 1128 duabus
1232 1071 1296 1142 pri-

241 1159 300 1214 mis
316 1159 495 1214 notionibus
510 1159 629 1216 ordinis
640 1160 769 1229 practici
785 1161 816 1216 et
832 1160 959 1216 moralis
975 1177 982 1214 :
1000 1175 1112 1233 nempe
1127 1175 1167 1216 ex
1180 1161 1296 1216 notione

238 1247 311 1304 boni
325 1247 449 1304 honesti
464 1250 496 1304 et
511 1249 584 1304 mali
599 1249 682 1317 quod
704 1249 732 1304 ei
755 1250 935 1320 opponitur.
951 1249 1038 1305 Unde
1060 1250 1170 1306 scribit
1182 1252 1209 1304 S.
1224 1248 1276 1304 Th.
1292 1265 1298 1302 :

273 1352 359 1409 Sicut
378 1368 433 1410 ens
453 1355 502 1410 est
523 1355 662 1425 primum
687 1356 768 1424 quod
795 1356 879 1411 cadit
898 1357 930 1411 in
955 1356 1203 1426 apprehensione
1224 1356 1296 1411 sim·

237 1424 371 1494 pliciter,
387 1426 433 1481 ita
447 1424 563 1481 bonum
579 1428 626 1482 est
641 1427 776 1496 primum
798 1428 880 1496 quod
903 1427 988 1482 eadit
1002 1429 1034 1481 in
1058 1428 1296 1498 apprehensione

236 1497 382 1567 practicae
398 1497 541 1557 rationis.
562 1511 631 1565 quae
655 1498 820 1553 ordinatur
835 1498 873 1553 ad
888 1513 978 1568 opus.
995 1501 1091 1554 Omne
1105 1500 1188 1552 enim
1211 1511 1296 1568 agens

236 1567 303 1636 agit
315 1568 446 1638 propter
461 1567 566 1632 tinem,
583 1568 636 1637 qui
652 1569 745 1624 habet
761 1570 915 1624 rationem
931 1569 1014 1625 boni.
1031 1569 1069 1625 Et
1084 1570 1153 1626 ideo
1168 1569 1296 1638 primum

238 1637 426 1709 principium
445 1638 478 1692 in
493 1639 616 1694 ratione
639 1639 778 1710 practica
796 1641 844 1695 est
867 1641 949 1708 quod
966 1640 1118 1696 fundatur
1138 1655 1232 1710 supra
1254 1654 1296 1695 ra-

237 1708 354 1764 tionem
372 1709 458 1774 boni;
475 1724 543 1777 quae
559 1711 607 1764 est
623 1725 629 1763 :
647 1713 766 1765 Bonum
782 1713 830 1766 est
848 1712 930 1778 quod
945 1711 1052 1767 omnia
1066 1713 1226 1783 appetunt.
1241 1712 1297 1766 Hoc

238 1781 286 1835 est
300 1794 374 1848 ergo
390 1781 527 1851 primum
542 1783 732 1850 praeceptum
744 1781 832 1850 legis,
843 1783 924 1849 quod
939 1783 1054 1837 bonum
1065 1787 1115 1838 est
1128 1781 1296 1838 laciendum

239 1851 270 1906 et
288 1853 549 1921 prosequendum,
570 1853 602 1906 et
618 1853 734 1906 malum
750 1853 914 1908 vitandum
926 1869 933 1919 ;
947 1855 979 1910 et
993 1868 1088 1924 super
1104 1852 1162 1908 hoo
1176 1853 1296 1909 fundan-

238 1922 292 1977 tur
306 1922 412 1977 omnia
430 1923 492 1977 alia
511 1924 668 1993 praecepta
687 1923 764 1992 legis
788 1927 921 1990 naturae,
939 1927 975 1978 ut
989 1925 1107 1979 scilieet
1126 1925 1231 1980 omnia
1243 1923 1298 1979 alia

237 1991 379 2048 iacienda
401 1994 452 2048 vel
476 1993 605 2048 vitanda
630 1995 810 2066 pertineant
836 1996 875 2051 ad
899 1997 1054 2067 praecepta
1075 1995 1295 2064 legiensium,

237 2074 306 2131 quae
334 2064 415 2205 ι’(ιέξίο
443 2065 582 2135 practica
605 2065 794 2122 naturaliter
817 2066 1024 2138 apprehendit
1040 2079 1114 2132 ‚esse
1139 2067 1219 2123 bona
1243 2066 1296 2120 hu·

239 2148 330 2190 mana
390 2173 396 2188 .

274 2249 350 2305 1223.
368 2250 473 2322 Lapis
495 2253 676 2310 naturalis
695 2254 986 2310 immutabilitas.
1003 2255 1116 2309 -Lex
1137 2251 1294 2313 naturalis,

235 2339 305 2396 cum
321 2340 421 2410 ipsam
438 2342 584 2396 naturam
597 2342 766 2396 humanam
781 2343 991 2410 consequatur
1001 2343 1032 2398 et
1047 2341 1171 2398 oriatur
1185 2341 1294 2410 exlege

235 2428 363 2493 aeterna,
379 2431 428 2485 est
451 2430 659 2487 immutabilis
672 2432 705 2486 in
721 2446 764 2494 se,
781 2432 924 2499 quamvis
939 2431 1093 2502 explicari
1107 2433 1140 2487 et
1155 2429 1295 2486 determi-

234 2517 304 2574 nari
319 2518 419 2587 possit
433 2519 532 2574 variis
557 2519 657 2575 modis
672 2534 729 2590 pro
744 2522 923 2590 temporum
947 2519 1143 2576 diversitate.
1162 2520 1234 2590 Ejus
1246 2531 1294 2573 au·

234 2607 298 2662 tem
314 2607 428 2662 notitia
446 2607 494 2662 est
508 2607 578 2677 plus
594 2609 737 2664 minusve
762 2609 932 2664 mutabilis.
949 2609 1094 2664 Attamen
1111 2609 1189 2678 legis
1209 2609 1295 2663 natu-

234 2694 311 2750 ralis
325 2695 429 2765 prima
442 2695 597 2768 principia
612 2711 674 2752 non
690 2698 821 2767 possunt
844 2697 970 2754 acorde
985 2697 1150 2753 hominum
1173 2694 1293 2756 aboleri,

234 2783 301 2839 sive
312 2784 438 2853 penitirs
452 2785 601 2853 ignorari.
620 2787 695 2840 Nam
711 2785 866 2857 principia
881 2786 1012 2841 moralia
1025 2785 1134 2842 mitem
1146 2781 1296 2841 evidentit

234 2869 359 2940 fulgent
385 2873 478 2940 quam
506 2873 662 2945 principia
686 2874 888 2944 speculativa.
913 2875 976 2930 ista
998 2876 1116 2939 autem,
1141 2875 1210 2930 cum
1236 2872 1295 2928 sint

234 2959 390 3030 objectum
417 2961 605 3027 intellectus,
634 2963 688 3032 qui
713 2977 819 3019 errare
844 2978 906 3018 non
927 2964 1042 3034 potest,
1066 2964 1174 3032 negari
1200 2959 1295 3018 mente

233 3063 296 3105 non
309 3051 452 3120 possunt,
469 3051 552 3106 utin
567 3051 667 3120 logica
680 3051 799 3107 dictum
815 3054 863 3108 est
878 3052 919 3122 (n.
935 3053 1000 3117 242,
1016 3054 1096 3120 etet.
1109 3052 1189 3121 Ergo
1201 3066 1218 3106 a
1230 3047 1295 3122 pari

233 3138 390 3209 principia
404 3138 481 3207 legis
497 3139 650 3195 naturalis
663 3140 855 3196 conscientia
865 3141 973 3208 negari
988 3154 1051 3196 non
1060 3141 1206 3212 possunt;
1220 3136 1294 3194 unde

233 3241 323 3283 error
337 3241 398 3282 non
419 3228 559 3284 occurrit
573 3229 634 3283 nisi
653 3229 686 3283 in
710 3229 962 3284 conclusionibus
985 3231 1057 3301 plus
1081 3231 1224 3286 minusve
1245 3239 1294 3281 re-

234 3316 327 3372 motis
343 3315 392 3384 (3).

269 3430 351 3488 1224.
370 3431 476 3501 Iaspis
494 3431 642 3488 moralis
666 3432 945 3490 immutabilitas
961 3437 1099 3504 necata
1118 3437 1185 3490 ast.
1201 3462 1233 3474 -
1254 3430 1293 3484 lix

231 3517 323 3574 dietis
349 3519 449 3588 liquet
477 3519 577 3588 legem
606 3522 757 3578 moralem
790 3535 857 3579 esse
885 3522 1128 3588 immutabilem,
1147 3515 1292 3592 *quidquid

264 3659 299 3716 (ll
313 3659 351 3717 1³,
365 3659 412 3717 2³³,
429 3675 456 3724 q.
471 3659 511 3718 94,
526 3677 551 3711 a.
568 3660 593 3712 l.

264 3720 299 3782 (2)
316 3720 398 3778 Istc..
413 3737 437 3772 a.
450 3724 474 3772 2.

264 3782 299 3843 (3)
317 3783 357 3834 cf.
373 3783 400 3834 S.
415 3785 474 3842 Th,
490 3783 566 3842 ibid..
582 3799 606 3834 a.
621 3785 645 3848 4,
662 3785 687 3850 5,
699 3784 727 3838 6.
