2790 4546
193 377 250 434 282
607 390 660 432 sus
677 389 850 432 narrante

195 519 274 574 quos
290 503 526 576 prosequuntur
541 499 657 570 singuli
672 501 767 564 cives,
784 499 915 569 singulae
930 499 1058 555 familiae
1078 501 1131 556 vel
1153 501 1274 558 sodali-

195 595 288 658 tates,
301 593 333 648 in
348 592 461 664 primis
476 591 609 647 societas
624 589 782 659 religiosa.

235 734 312 793 1312.
329 735 381 790 Da
400 747 596 806 progressu
614 731 748 789 sociali.
766 763 800 772 -
815 731 891 788 Hinc
906 732 1052 788 videmus
1074 733 1173 788 etiam
1197 748 1275 801 quo-

198 825 289 882 modo
309 837 511 895 progressum
527 822 673 878 socialem
699 835 823 892 semper
842 821 1003 876 intendere
1027 822 1163 892 oportet.
1180 824 1271 888 Sane,

197 915 269 970 ciam
297 912 458 968 beatitudo
480 911 663 982 temporalis
686 911 784 980 possit
810 924 935 980 semper
960 925 1011 966 ese
1038 910 1212 979 perfectior
1241 916 1275 968 et

197 1001 325 1059 aliunde
348 1016 388 1058 cx
407 1001 527 1068 multis,
548 1013 617 1068 quaa
639 1000 788 1056 continud
812 1000 988 1064 mutantur,
1004 1003 1166 1069 exsurgat,
1192 1016 1271 1057 nun·

197 1106 290 1161 quam
310 1090 458 1146 standum
476 1091 534 1144 est.

234 1225 311 1280 1313.
333 1225 500 1280 Potestas
518 1223 638 1278 civilis
661 1225 718 1278 est
741 1237 764 1277 a
787 1222 869 1278 Deo.
893 1253 926 1262 —
951 1225 992 1277 lle
1019 1223 1141 1292 origine
1161 1223 1271 1292 potes-

194 1314 270 1370 tatis
285 1313 388 1368 civilis
402 1325 464 1366 non
486 1312 640 1380 quaeritur
655 1325 736 1366 nuno
752 1312 860 1366 utrum
877 1311 943 1366 haec
957 1313 1097 1382 potestas
1117 1311 1160 1367 sit
1174 1325 1193 1367 a
1209 1314 1272 1367 Deo

194 1402 330 1458 mediate
344 1401 395 1456 vel
409 1400 600 1468 immediate,
613 1401 666 1456 sed
681 1401 837 1456 asseritur
852 1401 974 1455 tantum
988 1401 1067 1455 hano
1077 1403 1268 1470 potestatem

195 1505 263 1548 asse
277 1505 296 1546 a
314 1493 389 1546 Deo.

230 1589 363 1650 Etenim,
381 1589 452 1643 oiim
473 1588 605 1644 societas
624 1587 727 1643 civilis
751 1586 793 1643 sit
817 1586 981 1647 naturalis,
1006 1586 1042 1642 ut
1065 1586 1184 1641 dictum
1209 1589 1269 1649 est,

195 1679 321 1748 oportet
342 1677 424 1746 quod
449 1677 587 1745 potestas
606 1676 668 1744 qud
688 1677 812 1743 regitur
833 1677 866 1732 et
886 1675 921 1730 iit
936 1689 999 1730 una
1017 1675 1059 1731 sit
1081 1676 1153 1745 ipsa
1174 1677 1271 1731 natu-

196 1766 272 1822 ralis
300 1780 335 1821 ac
358 1765 489 1836 proinde
511 1764 548 1820 ab
573 1765 707 1820 Auctore
731 1765 863 1826 naturae,
894 1764 947 1834 qui
974 1767 1054 1819 Deus
1082 1766 1140 1820 est.
1170 1765 1270 1832 Unde,

196 1854 319 1910 etiamsi
335 1854 439 1921 eliqua
458 1853 589 1909 societas
608 1851 711 1908 civilis
730 1852 924 1908 adunaretur
944 1852 1099 1907 mediante
1114 1867 1271 1909 consensu

194 1942 389 1998 familiarum
412 1942 463 1996 vel
483 1941 619 1996 aliorum
640 1941 904 2005 contrahentium,
920 1941 1059 2012 potestas
1081 1942 1185 1997 civilis
1208 1957 1271 1998 non

196 2032 336 2087 oriretur
350 2045 390 2086 ex
409 2029 571 2086 contractu
596 2028 777 2102 hujusmodi
802 2029 951 2098 tanquam
975 2044 1014 2085 ex
1038 2029 1133 2100 canai
1154 2031 1273 2100 princi·

195 2119 269 2192 pali,
286 2120 339 2176 sed
354 2134 372 2174 a
390 2122 464 2175 Deo.
488 2119 609 2173 Revera
627 2119 766 2188 potestas
782 2118 884 2173 civilis
904 2117 1087 2173 extenditur
1101 2119 1140 2173 ad
1164 2120 1272 2174 omnia

195 2222 263 2277 quae
279 2209 354 2264 sunt
366 2206 508 2263 societati
530 2207 616 2261 civili
632 2207 808 2262 necessaria
822 2209 859 2262 ut
873 2206 967 2262 finem
988 2221 1080 2262 suurn
1102 2220 1273 2276 consequa-

193 2298 256 2353 tur.
279 2297 337 2352 Sed
354 2296 452 2352 multa
467 2297 542 2350 sunt
557 2295 733 2350 necessaria
751 2295 789 2350 ad
806 2295 889 2350 hunc
904 2295 997 2350 linem
1013 2296 1269 2364 consequendum

194 2401 264 2456 quaa
277 2386 465 2457 potestatem
481 2384 733 2439 contrahentium
749 2384 894 2453 fugiunt:
910 2399 961 2441 ax.
977 2399 1023 2454 gr.
1037 2387 1179 2454 potestas
1195 2385 1273 2440 obli-

195 2477 288 2546 gandi
308 2489 416 2531 omues
431 2475 525 2539 cives,
542 2474 638 2529 etiam
653 2488 706 2528 eos
729 2474 781 2541 qui
803 2473 931 2539 nolunt;
952 2475 1092 2543 potestas
1116 2474 1271 2544 puniendi

195 2565 289 2619 etiam
304 2563 394 2634 poena
405 2563 540 2632 capitali.
558 2563 644 2618 Unde
659 2562 735 2618 dicit
750 2563 883 2617 suarez:

231 2671 372 2726 Potestas
393 2669 519 2740 (civilis)
536 2668 629 2724 hahet
643 2669 751 2740 plures
770 2671 858 2724 actus
878 2669 932 2737 qui
954 2669 1103 2724 videntur
1118 2669 1272 2725 excedere

196 2741 365 2795 humanam
382 2739 574 2801 facultatem,
593 2743 690 2810 prout
704 2742 751 2796 est
777 2741 810 2794 in
833 2740 965 2810 singulis
981 2739 1176 2804 hominibus;
1193 2754 1270 2809 ergo

196 2811 320 2880 signum
337 2813 460 2866 estnon
480 2825 546 2866 esse
562 2811 688 2873 abillis,
704 2812 758 2867 sed
773 2825 792 2865 a
806 2814 876 2866 Deo.
893 2813 1017 2866 Primus
1032 2814 1121 2866 actus
1141 2813 1191 2871 est
1204 2827 1271 2882 pu-

196 2881 276 2936 nitio
293 2881 539 2945 malefactorum,
556 2883 651 2937 etiam
664 2897 762 2950 usque
777 2882 815 2937 ad
830 2885 978 2946 mortem;
993 2896 1077 2944 nam,
1093 2884 1166 2938 cum
1183 2883 1271 2939 solus

198 2951 277 3007 Deus
290 2953 332 3007 sit
351 2953 497 3008 dominus
512 2953 596 3016 vitae,
618 2953 703 3008 solus
718 2953 784 3022 ipse
798 2953 925 3008 videtur
939 2955 1013 3009 dare
1027 2954 1169 3025 potuisse
1188 2955 1271 3009 hanc

195 3024 427 3092 potestatem...
447 3025 606 3078 Secundus
622 3029 710 3079 actus
733 3029 782 3079 est
795 3025 989 3080 constituere
1012 3025 1044 3078 in
1060 3025 1196 3080 materia
1210 3025 1271 3080 ali·

196 3093 257 3163 qua
272 3094 408 3150 medium
424 3094 556 3150 virtutis
573 3096 782 3150 necessarium
798 3095 836 3150 ad
852 3095 1048 3150 honestatem
1064 3095 1145 3163 ejus.
1161 3097 1271 3151 Tertid

195 3180 266 3219 cum
282 3165 340 3220 hoc
353 3167 438 3220 statu
460 3165 647 3233 conjunctus
663 3168 711 3221 est
725 3167 854 3222 effectus
877 3166 1034 3234 obligandi
1054 3167 1087 3221 in
1110 3168 1271 3222 conscien-

194 3235 249 3301 tit,
262 3237 342 3305 quod
359 3237 496 3291 maxime
510 3235 637 3291 videtur
651 3237 809 3306 pertinere
820 3237 859 3291 ad
872 3237 1002 3292 divinan
1015 3238 1206 3308 potestatem
1218 3237 1271 3308 (ll.

229 3362 315 3417 Unde
334 3362 411 3417 dicit
426 3360 616 3430 Apostolus:
640 3357 713 3413 Noa
728 3360 772 3414 est
791 3358 878 3414 enim
894 3360 1032 3434 potestas
1054 3358 1119 3415 nisi
1134 3377 1155 3415 α
1179 3360 1271 3417 Deo:

195 3465 261 3519 quae
280 3452 386 3505 autem
410 3449 496 3514 sunt,
526 3464 546 3502 a
570 3446 635 3502 Deo
654 3445 809 3503 ordinatae
827 3449 912 3504 sunt.
935 3447 1045 3520 Itaque
1073 3447 1127 3520 qut
1149 3449 1275 3506 resistit

192 3539 347 3612 potestati,
368 3539 428 3596 Dei
452 3537 649 3595 ordinationi
671 3538 790 3596 resistit
805 3541 843 3612 (2)
855 3558 866 3603 ,·
887 3542 920 3597 et
942 3542 1060 3612 legitur
1079 3542 1112 3596 in
1135 3541 1274 3598 Procer-

226 3731 261 3790 (1)
271 3731 310 3780 De
325 3733 401 3793 Lep..
412 3733 431 3782 l.
447 3733 491 3790 ΙΙΙ,
508 3747 549 3798 cp.
564 3749 605 3790 111,
621 3749 649 3784 n.
661 3733 684 3783 3.

227 3793 263 3856 (2)
276 3793 320 3842 Ad
331 3797 421 3852 Rom,
435 3807 496 3856 xm,
509 3796 530 3844 l.
