2910 4568
493 431 591 507 carun
605 431 692 474 xnv1.
708 449 741 460 -
760 429 797 474 no
812 420 874 474 779.
1182 422 1217 478 37

137 545 170 600 et
186 545 270 613 quod
287 557 346 613 per
360 543 530 626 adventum
546 543 659 598 animae
672 555 734 598 non
749 543 1003 628 essetlgeneratio
1016 545 1213 616 simpliciter,

138 627 430 753 mitridati*
446 615 1213 754 ”scituvilliaciusaticis
1256 709 1259 716 -

140 701 288 826 ἓξὲῗιῗιὸᾱ
303 756 392 812 nulla
403 726 465 838 alia
478 757 581 812 forma
594 755 810 840 substantialis
825 759 873 840 est
885 727 925 812 in¹
934 758 1060 814 homine
1072 760 1132 816 nisi
1148 761 1214 816 sola

140 829 248 884 anima
265 827 471 892 intellectiva,
497 828 530 883 et
545 827 628 896 quad
649 841 727 898 ipsa,
744 829 827 884 sicut
841 829 962 885 virtute
980 831 1120 886 continet
1144 833 1214 886 ani·

141 913 232 982 inam·
250 899 437 985 sensitivam
459 899 491 954 et
519 898 718 980 nutritivam,
743 899 788 954 ita
812 899 932 982 virtute
952 901 1092 984 continet
1106 916 1214 982 onnes

139 969 1214 1124 'scissetclavatelitterenllllsllllcvatvrn

137 1112 343 1168 sensitivam
363 1112 475 1178 brutis,
490 1115 522 1169 et
537 1111 574 1167 de
589 1111 746 1168 nutrrtlva
760 1127 792 1168 1n
805 1113 921 1183 plantrs
941 1117 973 1170 et
988 1115 1214 1171 universaliter

136 1183 364 1326 {igmarssnibus
397 1183 507 1240 formis
541 1183 793 1254 perfectioribus,
838 1187 982 1256 respectu
1015 1186 1212 1257 imperfecta-

173 1382 240 1435 779.
258 1380 498 1450 objectiones.
522 1409 555 1420 --
588 1380 616 1432 10
644 1379 846 1450 operationes
871 1381 981 1436 vitales
1010 1395 1078 1450 quae
1106 1384 1212 1438 sensui
1237 1411 1239 1416 ·

135 1470 254 1526 intimo
269 1483 333 1525 non
358 1469 520 1538 subjacent
537 1469 629 1538 (sicut
644 1468 808 1524 circulatio
834 1471 996 1539 sanguinis
1016 1473 1047 1526 et
1067 1471 1212 1542 digestio)

137 1560 304 1628 nequeunt
322 1558 491 1629 procedere
507 1572 526 1613 a
538 1557 694 1630 principio
716 1557 806 1614 vitali
831 1560 862 1614 et
886 1557 1085 1616 substantiali
1109 1574 1128 1615 a
1151 1575 1212 1628 quo

135 1651 254 1706 ceterae
269 1647 454 1719 procedunt.
471 1649 551 1715 Ergo
567 1648 599 1701 in
618 1647 744 1702 homine
763 1649 838 1702 sunt
852 1647 914 1703 duo
930 1649 1033 1718 prima
1047 1649 1210 1720 principia.

173 1743 270 1816 Resp.
286 1775 320 1784 —-
336 1747 419 1813 Nego
434 1744 525 1813 plane
540 1759 547 1798 ε
565 1743 681 1800 sufficit
696 1745 779 1800 enim
795 1747 831 1800 ut
845 1746 1043 1814 operationes
1064 1747 1212 1802 essentia-

135 1836 215 1892 liter
230 1835 364 1889 diversae
382 1833 549 1903 procedant
562 1846 580 1886 a
595 1833 728 1888 diversis
744 1834 904 1904 potentiis.
927 1836 1015 1898 Sane,
1040 1835 1211 1891 fatentibus

133 1923 301 1988 vitalistis,
323 1922 459 1978 sensatio
485 1923 517 1978 et
538 1921 709 1976 intellectio
730 1922 903 1990 procedunt
924 1924 1084 1980 abeodem
1110 1925 1211 1994 primo

134 2012 306 2084 principio,
319 2012 389 2066 crim
404 2011 510 2066 tamen
526 2025 589 2065 una
604 2011 651 2066 est
674 2010 860 2080 spiritualis,
882 2012 982 2067 altera
996 2014 1101 2068 autern
1118 2014 1212 2069 mate·

133 2102 238 2158 rialis.
256 2103 317 2156 cur
331 2115 406 2169 ergo
427 2100 466 2156 ab
490 2099 597 2154 eodem
617 2100 720 2169 primo
741 2100 895 2171 principio
920 2115 982 2165 pon
1006 2102 1212 2172 procederent

133 2190 278 2248 sensatio
298 2191 330 2245 et
344 2189 479 2245 nutritio
494 2189 527 2244 et
537 2189 607 2243 aliae
626 2189 826 2260 operationes
840 2186 1018 2258 ejusmodi?

171 2281 207 2334 20
227 2279 339 2334 Anima
362 2277 537 2340 rationalis,
554 2277 624 2332 cnm
647 2277 690 2332 sit
710 2277 850 2348 spiritus,
871 2279 981 2346 nequit
1001 2293 1068 2334 esse
1087 2281 1210 2350 princi·
1324 2263 1326 2268 ⁵

133 2372 229 2442 pium
245 2370 318 2424 vitae
332 2369 497 2438 organica,
519 2381 588 2435 quae
604 2380 661 2436 per
682 2380 799 2436 organa
814 2368 986 2423 exercetur.

173 2465 268 2538 Resp.
286 2496 320 2507 -
335 2468 456 2522 Revera
468 2464 574 2520 anima
587 2479 649 2520 non
665 2465 713 2519 est
725 2479 782 2536 per
797 2465 931 2535 seipsam
946 2465 1137 2536 principium
1152 2469 1209 2521 im·

134 2557 313 2614 mediatum
326 2555 400 2610 vitae
416 2554 582 2624 organicae,
599 2553 653 2610 sed
675 2567 731 2622 per
753 2553 918 2610 facultates
941 2555 1115 2624 organicas,
1140 2570 1208 2624 quae

132 2645 261 2718 abipsa
282 2645 410 2700 realiter
434 2643 685 2712 distinguuntur,
702 2643 738 2698 ut
761 2641 846 2697 infra
870 2642 1019 2699 dicemus.
1037 2645 1156 2700 Revera
1182 2647 1209 2702 si

132 2737 270 2805 negatur
286 2733 445 2788 distinctio
462 2732 555 2788 realis
574 2731 687 2786 animae
703 2732 734 2786 et
752 2731 966 2801 potentiarum
990 2731 1069 2800 ejus,
1091 2735 1127 2788 ut
1151 2749 1208 2790 vo·

133 2830 209 2884 lunt
223 2825 401 2889 cartesiani‚
417 2822 611 2894 impossibile
626 2823 674 2878 est
695 2823 851 2892 explicare
875 2824 1022 2879 unionem
1043 2825 1155 2880 animae
1177 2829 1209 2882 et

132 2915 290 2988 corporis.

171 3003 203 3058 3⁰
217 3005 301 3059 Hanc
317 3001 523 3070 obJectionern
539 3001 583 3056 sic
598 2999 748 3070 proponit
761 3000 792 3054 et
811 2999 908 3055 solvit
920 3001 947 3054 S.
964 3000 1019 3054 Th.
1038 3017 1044 3054 :

173 3099 386 3171 corruptibile
400 3100 432 3154 et
450 3095 691 3166 incorruptibile
715 3109 777 3151 non
799 3098 874 3152 sunt
897 3099 991 3152 unius
1011 3099 1207 3157 substantiae.

134 3173 196 3229 Sed
210 3174 318 3228 anima
331 3170 523 3226 intellectiva
548 3174 596 3224 est
615 3167 883 3236 incorruptibilis;
904 3169 974 3224 aliae
989 3173 1065 3224 verb
1084 3172 1206 3236 animae,

133 3245 258 3302 scilicet
282 3243 436 3298 sensitiva
460 3242 490 3296 et
514 3239 682 3301 nutritiva,
699 3238 775 3294 sunt
789 3240 1044 3312 corruptibiles...
1071 3244 1150 3310 Ergo
1174 3245 1207 3298 in

134 3316 265 3372 homine
280 3329 343 3368 non
358 3313 463 3384 potest
482 3325 549 3366 esse
565 3324 627 3364 una
640 3309 776 3364 essentia
789 3311 902 3364 animae
918 3310 1128 3376 intellectivae,
1141 3329 1207 3370 sen·

135 3387 242 3444 sitivae
258 3390 290 3442 et
305 3385 479 3440 nutritivae.

172 3455 270 3529 Resp.
291 3485 324 3495 -
340 3455 452 3510 Anima
466 3452 617 3517 sensitiva
632 3465 694 3506 non
710 3450 804 3506 habet
822 3452 1153 3522 incorruptibilitatem
1169 3470 1208 3511 ex

134 3529 195 3584 hoc
211 3527 296 3597 quod
311 3531 360 3582 est
383 3525 544 3587 sensitiva,
571 3523 624 3578 sed
638 3523 682 3576 'ex
706 3520 765 3577 hoc
787 3523 867 3590 quod
890 3525 937 3578 est
961 3523 1155 3597 intellectiva
1178 3528 1208 3599 ei

131 3597 424 3669 incorruptibilitas
450 3595 593 3652 debetur.
612 3593 738 3657 Quando
764 3607 838 3662 ergo
858 3593 963 3648 anima
986 3597 1034 3650 est
1054 3598 1208 3653 sensitiva

131 3672 273 3734 tantum,
299 3667 515 3738 corruptibilis
535 3666 592 3731 est,
614 3664 737 3732 quando
759 3667 835 3718 verb
850 3679 922 3719 cum
942 3667 1094 3722 sensitiva
1109 3669 1208 3724 intel-

166 3844 427 3911 maenaa
