2828 4550
211 328 264 384 184
655 339 829 382 ruuooroua

211 453 324 509 creatis
340 451 416 508 iecit
432 451 544 521 (Deus),
562 450 731 507 secundum
746 449 983 506 convenientem
998 448 1142 504 ordinem
1158 449 1189 504 et
1203 462 1274 517 pro-

210 541 388 614 portionem
404 541 489 607 111111,
501 541 534 596 in
550 554 609 609 quo
629 539 773 594 consistit
787 539 868 594 ratio
886 537 1080 606 justitient
1095 537 1140 594 sic
1155 537 1277 608 oportet

211 633 244 688 in
260 631 344 688 omni
358 644 450 700 opere
465 630 517 685 Dei
533 643 600 684 esse
616 629 786 697 justitiam.
801 659 834 667 -
850 629 931 699 Opus
951 629 1057 683 autern
1076 627 1192 682 divinae
1205 627 1276 695 jus-

210 721 291 778 titiae
307 733 430 790 semper
444 717 659 790 praesupponit
675 731 752 788 opus
772 717 993 772 misericordiae
1009 737 1034 780 1,
1055 716 1127 772 edm
1152 715 1276 770 Bonitas

211 809 319 864 divina
338 809 380 864 sit
395 807 527 864 ultimus
550 805 621 861 finis
649 821 768 861 rerum.
799 825 812 857 1
833 807 870 861 Et
888 807 1018 877 propter
1039 805 1097 862 hoc
1125 805 1219 860 etiam
1240 817 1277 858 ec

144 943 146 946 .
212 913 281 967 quae
296 897 389 953 alicui
403 899 555 953 creaturae
571 895 724 952 debentur
738 897 817 952 Deus
841 909 881 952 ex
906 893 1098 950 abundantii
1113 909 1177 950 suae
1193 893 1277 949 boui-

214 987 290 1042 tatis
322 985 442 1055 largius
466 985 625 1056 dispensat
648 984 742 1054 qudm
766 983 872 1053 exigat
900 983 1063 1055 proportio
1087 984 1149 1038 rei.
1174 985 1277 1039 Minus

213 1075 296 1131 enim
318 1075 366 1130 est
385 1074 467 1143 quod
486 1074 643 1130 sufficeret
661 1073 699 1128 ad
715 1073 962 1129 conservandum
984 1065 1127 1128 ordinem¹
1142 1073 1278 1143 Jusuuae

213 1164 306 1234 quam
322 1164 405 1232 quod
420 1164 528 1218 divina
547 1163 668 1218 bonitas
683 1162 814 1227 confort,
827 1174 894 1231 quae
911 1176 1033 1217 ornnem
1043 1163 1278 1234 proportionem

213 1254 366 1310 creaturae
382 1253 504 1308 excedit
524 1273 537 1303 1
555 1253 606 1322 (l).

623 1575 751 1636 CAPUT
771 1576 883 1634 LXVII

250 1739 289 1780 Du
303 1739 354 1780 Dur
365 1739 535 1790 Porunr1n;
553 1739 591 1780 Ι)Ε
607 1739 721 1780 RERUM
731 1739 907 1780 ΟΒΕΑΤΙΟΝΕ
921 1740 958 1780 ΕΤ
973 1739 1249 1789 consnnvnrlorin3

572 1838 610 1878 DE
636 1838 745 1878 DIVINO
765 1837 927 1878 CONCURSU

252 1999 331 2055 1118.
353 2001 519 2057 Potentia
542 2005 795 2056 creaturarum
818 2005 855 2057 ot
880 2001 1044 2072 potentia
1059 2002 1125 2056 Dei
1144 2017 1285 2074 compa-

217 2094 357 2146 rantur.
375 2090 619 2146 -intellectum
643 2092 673 2145 11
692 2090 886 2145 voluntatem
913 2092 1115 2159 consequitur
1130 2093 1283 2162 potentia,

217 2193 287 2248 quae
312 2179 478 2246 utriusque
504 2179 702 2250 propositum
727 2179 901 2246 exequitur.
919 2179 1004 2234 Sicut
1029 2181 1140 2234 ceterae
1161 2180 1286 2250 periec-

219 2271 320 2325 tiones
336 2268 502 2338 simplices,
519 2267 661 2339 potentia
685 2267 745 2322 Deo
761 2267 928 2322 tribuenda
941 2270 997 2331 est,
1016 2268 1068 2324 sed
1083 2270 1287 2326 eminentiori

221 2359 323 2426 modo,
349 2358 539 2412 removendo
561 2357 681 2412 scilieet
700 2371 807 2411 omnes
832 2357 971 2412 desectus
992 2371 1059 2425 quae
1088 2358 1121 2412 iu
1145 2359 1290 2428 potentia

219 2449 439 2504 creaturarum
459 2446 677 2500 inveniuntur.
693 2445 780 2501 Unde
801 2446 833 2499 in
849 2448 908 2500 Deo
924 2460 985 2501 non
1002 2449 1050 2502 est
1063 2448 1208 2517 potentia
1223 2460 1290 2518 pas-

221 2538 298 2602 siva,
315 2537 385 2592 cum
401 2539 481 2590 Deus
496 2536 538 2590 sit
552 2537 640 2590 actus
665 2549 775 2605 purus.
798 2535 883 2590 Unde
910 2536 1004 2590 etiam
1020 2537 1161 2606 potentia
1181 2536 1291 2590 divina

220 2641 282 2682 non
300 2627 347 2681 est
363 2624 490 2680 realiter
504 2623 652 2679 distincta
666 2623 704 2677 ab
726 2625 847 2679 actione
866 2639 921 2678 seu
941 2627 1023 2686 actu,
1040 2624 1093 2680 sed
1109 2627 1156 2680 est
1170 2624 1290 2696 princi·

222 2716 310 2785 pium
326 2713 541 2768 immediatum
556 2712 695 2768 effectus.
707 2713 861 2775 Ceterum,
878 2712 933 2768 nas
949 2715 980 2768 et
994 2714 1070 2768 alias
1085 2714 1239 2770 veritates
1253 2714 1289 2770 de

223 2801 414 2876 perfectione
429 2802 544 2857 divinae
559 2803 708 2872 potentiae
724 2803 757 2856 in
771 2802 853 2857 thesi
873 2803 1016 2870 sequenti
1031 2804 1220 2859 statuuntur
1237 2821 1243 2858 ι

258 2911 377 2966 Tussis,
390 2940 425 2948 —
445 2906 500 2962 Est
514 2906 550 2962 in
565 2907 629 2963 Deo
647 2909 791 2980 potentio
810 2907 940 2980 infinito
961 2907 1026 2962 stoc
1049 2908 1289 2981 omnipotentio,

223 3029 257 3039 -
272 3013 338 3068 quoe
352 2995 417 3052 sola
429 3012 501 3051 cere
515 2997 560 3050 est
574 2995 723 3050 creatrice.
738 3027 774 3036 -
788 2993 849 3050 Res
872 3013 937 3066 quoe
950 2998 1062 3051 creatae
1080 2998 1153 3050 sunt
1168 3013 1290 3052 conscr-

220 3089 275 3142 cot
291 3084 406 3140 directe
421 3086 450 3140 et
460 3083 604 3158 positive,
621 3117 654 3125 -
670 3083 871 3156 omnibusque
892 3085 1004 3140 corum
1028 3083 1202 3140 actionibus
1223 3101 1291 3140 con-

222 3191 351 3231 cursum
365 3173 478 3247 prabet
493 3173 716 3228 immediatum
732 3177 760 3229 et
778 3173 999 3229 necessarium.

261 3309 585 3365 11111111111111111
604 3309 778 3379 potentia.
795 3339 829 3348 —
862 3309 1038 3365 Potentiam
1069 3312 1129 3364 Deo
1152 3308 1293 3364 tribuere

225 3413 349 3455 necesse
362 3403 419 3454 est.
438 3397 657 3454 «Manifestum
672 3400 719 3453 est
732 3398 826 3463 enim,
838 3399 919 3466 quod
931 3398 1173 3466 unumquodque
1186 3412 1294 3454 secun·

226 3490 300 3544 dum
317 3489 398 3558 quod
414 3491 461 3545 est
484 3489 556 3544 actu
581 3489 612 3544 et
635 3489 820 3559 perfectum,
847 3489 1017 3544 secundum
1033 3489 1091 3544 hoc
1105 3489 1153 3544 est
1169 3490 1295 3558 princi-

226 3579 314 3649 pium
334 3579 473 3634 activum
488 3577 662 3647 alicujus...
686 3580 849 3634 ostensum
866 3581 913 3634 est
936 3581 1082 3636 autern...
1106 3579 1189 3648 quod
1214 3581 1293 3634 Deus

257 3761 290 3825 (l)
308 3761 387 3819 ibid,
404 3776 427 3812 a.
439 3761 463 3810 4.
