2910 4568
286 438 389 481 curor
408 437 519 479 xnvnr.
532 453 566 463 —
576 433 622 480 s⁰⁸
637 423 701 490 818,
713 422 777 487 813,
787 421 851 488 811,
863 424 926 490 815,
938 423 1000 490 816,
1014 424 1077 480 817.
1185 423 1223 486 83

142 549 276 618 objecti.
299 551 431 618 Insuper
455 562 517 604 non
542 547 718 618 concipitur
737 548 893 618 quomodo
922 563 1032 606 sensus
1055 550 1163 620 agaret
1185 549 1220 608 in

139 639 307 710 objectum
321 640 354 694 et
368 638 413 693 sic
428 637 505 693 illud
521 637 732 707 cognosceret.

182 779 467 850 815.1mpressio
496 779 667 850 organica
693 791 764 836 non
794 783 851 836 est
879 779 959 849 lpsa
986 778 1155 836 sensatio-
1184 805 1220 820 -

144 869 190 927 Ut
209 871 346 926 sensatio
362 870 439 926 bene
462 869 674 938 dignoscatur,
700 869 825 940 oportet
849 869 935 924 illam
963 869 1159 938 distinguere
1182 869 1220 926 ab

142 959 356 1030 impressione
371 958 519 1028 organica
536 973 576 1014 ex
597 957 792 1028 quaeritur.
816 959 886 1014 Haec
911 958 994 1014 enim
1018 959 1066 1014 est
1084 959 1218 1028 passive,

27 1065 31 1074 ·
143 1048 259 1118 utpote
278 1047 407 1103 effeetus
421 1047 536 1116 objecti
554 1047 588 1102 ln
612 1059 749 1117 organ03
770 1047 908 1104 sensatis
934 1047 1039 1103 autem
1062 1047 1110 1102 est
1130 1047 1220 1104 actus

141 1135 282 1205 subjecti
302 1135 476 1192 sentientis.

182 1233 300 1288 Deinde
313 1233 480 1304 impressio
495 1233 651 1304 recipitur
664 1232 697 1288 in
709 1246 837 1303 organo,
849 1234 986 1291 sensatio
1002 1235 1108 1290 autem
1122 1229 1219 1290 modi·

142 1321 222 1378 licat
236 1335 364 1378 sensum
378 1322 485 1392 potios
501 1321 594 1390 quam
609 1335 779 1390 organnm3
795 1323 961 1392 impressio
972 1323 1020 1378 est
1034 1321 1218 1388 materialis,

143 1409 338 1475 mechanica,
355 1413 494 1475 extensa,
517 1409 694 1475 divisibilis,
712 1411 848 1467 sensatio
869 1412 974 1466 autem
997 1412 1045 1467 est
1067 1411 1218 1467 indivisi-

142 1499 231 1555 bilis.
248 1500 388 1570 Insuper,
407 1499 543 1554 sensatio
565 1499 614 1555 est
629 1499 841 1555 essentialiter
855 1499 972 1564 vitalis,
994 1501 1066 1555 cum
1090 1501 1132 1556 sit
1149 1499 1219 1555 lor·

143 1587 274 1643 molitor
294 1589 327 1643 in
349 1602 465 1644 sensu:
489 1601 607 1658 organa
630 1587 714 1642 enim
737 1590 862 1645 mortua
889 1603 951 1644 non
970 1577 1121 1654 sentiunt,
1147 1589 1218 1645 edm

140 1681 255 1737 tamen
269 1677 507 1748 impressionem
526 1677 668 1748 recipere
682 1679 824 1748 possunt.

181 1775 267 1832 Adde
293 1776 533 1847 impressionem
555 1775 734 1845 organicam
759 1775 930 1846 saeplssime
950 1775 1081 1846 produci
1103 1777 1218 1846 absque

119 1915 121 1920 .
140 1865 336 1930 sensatione,
351 1865 402 1920 vel
417 1865 490 1935 quia
504 1863 671 1936 impressio
686 1865 734 1920 est
748 1863 842 1920 nimis
858 1863 992 1933 subtilis,
1009 1864 1060 1920 vel
1074 1865 1148 1933 quia
1171 1866 1219 1922 est

142 1954 317 2012 habitualis
332 1955 388 2009 aut
402 1953 441 2009 ad
455 1967 524 2009 eam
540 1967 602 2008 non
617 1953 802 2010 attenditur.

180 2088 247 2144 816.
270 2087 416 2158 Species
439 2087 620 2144 sensibilis
643 2091 701 2143 est
724 2086 945 2158 principium
967 2088 1219 2146 immediatum

139 2177 359 2246 etmedium
382 2176 609 2234 sensationis.
635 2205 670 2216 -
698 2175 829 2246 Propius
855 2177 1036 2233 accedentes
1056 2178 1094 2233 ad
1116 2192 1218 2236 sensa·

141 2270 276 2333 tionem,
293 2266 486 2335 distinguere
508 2265 655 2320 debemus
679 2263 835 2334 duplicem
854 2266 990 2335 speciem
1014 2267 1216 2322 sensibilem:

141 2355 337 2429 impressam
363 2356 395 2410 et
413 2369 604 2427 conpressam.
626 2352 749 2424 Species
777 2353 933 2424 impressa
957 2355 1005 2410 est
1028 2355 1217 2424 principium

141 2445 366 2504 immediatum
382 2442 580 2507 sensationis‚
597 2442 668 2498 cum
684 2441 726 2498 sit
740 2441 822 2497 actio
837 2455 894 2498 seu
913 2442 1088 2498 similitudo
1103 2443 1218 2512 objecti

140 2535 272 2604 recepta
293 2534 326 2588 in
348 2547 441 2589 sensu
466 2531 580 2600 etqua
603 2544 713 2587 sensus
734 2530 964 2588 determinatur
989 2532 1028 2587 ad
1050 2532 1216 2600 agendum.

140 2623 270 2695 Species
285 2635 433 2691 expressa
447 2622 551 2676 autem
572 2619 632 2676 dici
650 2619 756 2692 potest
774 2619 911 2676 medium
932 2619 1217 2690 sensationis,ci1m

141 2714 189 2771 sit
198 2713 316 2768 iterum
327 2710 501 2766 similitudo
514 2708 628 2779 obiecti
640 2709 674 2766 is
686 2708 838 2777 subjecto,
848 2709 902 2764 sed
913 2709 1087 2766 similitudo
1102 2710 1217 2775 activa,

140 2802 259 2858 effecta
273 2814 328 2856 seu
341 2813 488 2870 expressa
502 2813 521 2853 a
533 2811 641 2854 sensu.
661 2799 775 2853 Sensus
791 2795 874 2853 enim
889 2813 951 2854 non
966 2801 1070 2870 potest
1085 2813 1218 2868 cognos-

105 2933 112 2950 .
139 2903 217 2946 oere
241 2890 303 2946 nisi
328 2888 447 2958 agendo
474 2889 506 2943 et
528 2886 734 2958 exprimendo
754 2886 923 2955 objectum.
951 2890 1021 2943 Haec
1044 2889 1216 2958 expressio,

138 2993 214 3049 quae
242 2978 411 3050 respondet
438 2975 551 3047 speciei
585 2975 746 3046 impressae
782 2975 864 3031 sicut
898 2977 1015 3033 reactio
1048 2977 1218 3047 respondet

139 3067 273 3131 actioni,
299 3069 384 3122 recte
412 3067 543 3121 vocatur
567 3064 686 3134 species
716 3077 874 3133 expressa.
901 3065 983 3120 Hanc
1013 3066 1216 3130 edomando,

140 3169 257 3213 sensus
272 3155 467 3212 assimilatur
477 3155 597 3222 objecto
613 3167 670 3208 suo
685 3149 825 3222 illudque
840 3155 984 3226 percipit.

181 3289 246 3347 817.
263 3290 403 3362 speciei
417 3287 601 3345 sensibilis
615 3286 855 3344 characteres.
869 3290 1001 3344 —Nunc
1015 3288 1097 3344 forts
1112 3287 1218 3344 licebit

138 3380 260 3453 speciei
284 3377 442 3436 sensibilis
467 3377 642 3448 praecipuos
666 3364 862 3431 characteres
890 3377 1110 3433 determinare.
1139 3378 1217 3434 Sane

141 3470 265 3542 species
281 3467 437 3525 sensibilis
451 3479 513 3522 non
528 3468 576 3520 est
598 3463 769 3520 materialis
794 3465 832 3520 ad
856 3466 984 3520 modum
1001 3466 1218 3536 impressionis

139 3558 401 3630 organicae,ci1m
421 3555 463 3610 sit
481 3555 608 3624 recepta
622 3552 822 3622 potissimum
840 3555 873 3610 in
893 3569 995 3610 sensu.
1013 3557 1077 3610 lmd
1101 3554 1219 3614 dicitur

137 3665 161 3708 a
180 3647 328 3720 pluribus
342 3640 569 3699 immaterialis
590 3642 622 3697 et
637 3640 731 3696 etiam
757 3640 945 3713 spiritualis.
962 3645 1008 3698 lta
1025 3646 1054 3699 S.
1071 3644 1218 3709 Thomas,

137 3736 362 3800 Sanseverin0,
376 3733 532 3790 Gonzalez.
549 3729 706 3786 Audiatur
720 3731 752 3784 S.
771 3732 884 3786 Doctor
898 3749 905 3783 ι

179 3845 237 3901 Est
249 3843 355 3898 autem
371 3853 480 3897 sensus
500 3836 641 3908 quaedam
660 3836 799 3905 potentia
825 3839 960 3908 passiva,
984 3853 1052 3909 quae
1076 3843 1150 3897 nata
1170 3841 1221 3900 est
