2910 4568
145 399 149 420 '
216 411 252 468 51
645 425 862 469 rsrononoom

218 535 383 592 immutari
402 535 440 590 ab
464 534 616 590 exteriori
631 533 782 590 sensibili.
795 534 941 591 Exterius
964 549 1038 605 ergo
1053 535 1292 592 immutativum

219 608 364 675 estquod
379 621 434 676 per
447 620 512 662 sea
531 620 624 662 sensu
638 605 824 688 percipitur,
839 609 871 662 et
891 607 1062 662 secundum
1083 607 1173 675 quus
1189 606 1295 662 diver÷

218 679 343 734 sitatem
355 678 516 732 sensitivae
530 679 679 748 potentiae
698 677 951 746 distinguuntur.
973 679 1027 733 Est
1047 680 1153 733 autem
1174 677 1292 748 duplex

217 747 422 805 immutatio:
442 763 504 804 una
518 748 683 812 naturalis,
698 748 808 804 atalia
830 749 1015 816 spiritualis.
1036 747 1195 806 Naturalis
1219 749 1292 817 qui-

219 821 289 876 dem
306 819 477 876 secundbm
501 819 584 888 qubd
607 819 710 874 forma
729 819 927 875 immutantis
952 821 1105 892 recipitur
1123 821 1156 874 in
1178 819 1294 875 immu-

217 893 285 947 tato
300 891 472 946 secundum
489 905 556 945 esse
570 891 734 954 naturale;
751 891 833 945 siout
850 891 936 946 calor
950 891 983 946 in
1004 891 1176 947 calefacto:
1198 891 1293 960 spiri·

217 962 313 1018 tualis
329 963 446 1026 autem,
462 961 632 1017 secundum
649 961 730 1029 quod
745 962 848 1016 forma
867 963 1064 1017 immutantis
1087 962 1242 1031 recipitur
1256 962 1291 1016 in

218 1035 387 1089 immutato
403 1033 573 1088 secundbm
588 1047 655 1088 esse
675 1032 879 1102 spirituale...
894 1034 938 1088 Ad
953 1035 1168 1104 operationem
1183 1033 1291 1088 autem

218 1104 329 1161 sensis
352 1104 529 1172 requiritur
549 1104 730 1158 immutatio
754 1104 940 1173 spiritualis,
960 1119 1017 1176 per
1039 1119 1132 1174 quam
1156 1103 1294 1166 intentio

218 1175 328 1232 formae
344 1175 500 1230 sensibilis
515 1172 572 1231 fiat
588 1175 621 1229 in
636 1189 753 1244 organo
773 1175 884 1231 sensis
899 1174 948 1246 (1).

255 1290 312 1346 Sed
327 1291 437 1346 contra
451 1304 513 1346 uon
529 1290 640 1346 desunt
654 1290 709 1346 alii
721 1290 908 1356 scholastici,
920 1290 1006 1347 inter
1017 1291 1219 1356 recentiores,
1236 1289 1292 1358 qui

219 1380 327 1435 dicunt
346 1380 480 1450 speciem
500 1378 680 1436 sensibilem
704 1393 772 1435 esse
799 1393 862 1435 non
885 1380 986 1435 solum
1017 1379 1211 1436 materialem
1236 1378 1292 1434 sed

219 1469 312 1524 etiam
328 1471 489 1524 extensam
506 1469 538 1524 et
552 1468 753 1526 divisibilem.
939 1521 941 1526 .

255 1558 348 1612 Nobis
364 1559 469 1613 autem
485 1557 614 1614 videtur
627 1558 709 1626 quod
724 1559 842 1627 species
857 1558 1013 1614 sensibilis
1028 1557 1090 1613 dici
1104 1557 1204 1626 possit
1226 1556 1292 1612 im-

220 1646 392 1703 materialis
412 1647 444 1702 et
458 1646 632 1716 spiritualis
648 1647 711 1703 lato
726 1655 830 1714 sensu,
846 1647 966 1704 scilicet
976 1647 1129 1716 quatenus
1145 1646 1193 1702 est
1210 1645 1294 1707 indie

219 1735 352 1791 visibilis
372 1735 404 1791 et
425 1735 578 1804 recipitur
598 1737 632 1791 in
652 1750 756 1800 sensu,
771 1735 932 1792 ueletiam
948 1735 981 1790 in
1004 1735 1110 1790 anima
1130 1734 1293 1805 spirituali

219 1824 258 1895 (si
272 1824 379 1893 agitur
393 1823 429 1879 de
444 1824 594 1890 bomine).
616 1825 681 1880 Diei
696 1826 802 1880 autem
818 1825 921 1894 potest
937 1823 1108 1880 materialis
1123 1824 1294 1891 quatenus-

219 1928 281 1969 non
296 1913 482 1983 producitur
496 1914 529 1969 et
550 1928 612 1970 non
626 1915 737 1970 existit
758 1914 819 1970 nisi
843 1915 875 1969 in
899 1913 1040 1982 subjecto
1062 1912 1235 1984 composito
1260 1913 1296 1970 et

220 2002 386 2058 materiali.
404 2001 460 2056 Sed
476 2016 538 2057 non
553 2003 657 2072 potest
671 2003 733 2058 dici
747 2005 876 2058 extensa
897 2003 929 2057 et
951 2001 1128 2064 divisibilis,
1145 2001 1293 2070 quamvis

219 2091 261 2147 sit
275 2091 309 2145 in
332 2091 528 2161 composito:
549 2092 575 2145 1⁰
596 2090 670 2158 quia
688 2091 844 2161 recipitur
862 2091 1040 2160 praesertim
1060 2094 1092 2146 et
1115 2090 1295 2145 formaliter

219 2179 253 2234 in
272 2193 376 2244 sensu,
393 2179 509 2247 quiesi
528 2178 711 2234 inextensus
727 2180 759 2234 et
771 2177 983 2243 indivisibilis,
999 2178 1165 2248 sicutipse
1185 2177 1295 2233 anima

220 2267 382 2333 sensitiva,
399 2266 472 2322 licet
485 2267 636 2322 informet
654 2282 807 2337 organum
827 2269 993 2324 extensum
1015 2268 1047 2323 et
1066 2265 1240 2330 divisibile;
1257 2285 1293 2304 -e

219 2357 331 2426 2⁰quia
344 2356 462 2426 species
477 2356 633 2412 sensibilis
645 2371 708 2413 non
722 2357 876 2428 recipitur
888 2357 920 2411 in
932 2370 1049 2426 organo
1066 2356 1127 2411 nisi
1137 2355 1293 2424 quatenus

220 2460 373 2515 organum
389 2447 437 2501 est
450 2445 561 2501 vivens
576 2446 608 2502 et
629 2459 723 2501 sensu
746 2447 972 2510 informatum3
993 2445 1051 2500 hoc
1070 2445 1175 2500 autem
1191 2443 1239 2500 est
1257 2443 1294 2499 in

219 2535 472 2598 indivisibili3-
487 2534 517 2588 3⁰
532 2533 613 2602 quia,
634 2534 661 2590 si
686 2535 804 2605 species
828 2533 982 2590 sensibilis
1006 2535 1089 2589 esset
1111 2532 1293 2596 divisibilis,

216 2623 283 2692 iam
298 2637 361 2678 non
374 2622 537 2679 videretur
547 2623 674 2678 differre
688 2622 726 2678 ab
740 2623 947 2694 impressione
961 2621 1122 2691 organica
1133 2653 1167 2661 -
1177 2619 1207 2674 4⁰
1216 2621 1294 2689 quia

220 2712 246 2767 si
262 2711 380 2782 species
396 2710 550 2766 sensibilis
564 2712 646 2766 esset
661 2712 792 2766 extensa
803 2713 835 2767 et
850 2711 1026 2780 divisibilis,
1037 2709 1104 2778 jam
1121 2711 1189 2781 ipse
1202 2713 1295 2766 actus

221 2799 375 2856 sentiendi
395 2813 450 2854 seu
474 2800 610 2855 sensatio
626 2801 708 2855 esset
723 2801 892 2856 divisibilis
913 2802 945 2856 et
966 2801 1111 2864 extensa;
1138 2800 1192 2855 sed
1217 2789 1309 2856 tunc'

221 2902 283 2944 non
303 2889 430 2943 videtur
444 2888 599 2956 quomodo
614 2889 751 2944 sensatio
767 2889 1050 2958 distingueretura
1066 2889 1153 2943 motu
1170 2885 1295 2942 mecha-¹

222 2976 293 3031 nico
308 2977 340 3032 et
352 2976 452 3032 locali.

258 3111 320 3164 818.
338 3108 563 3166 sensationis
578 3110 753 3166 definitio.
768 3112 900 3165 -Nunc
914 3111 953 3166 ad
967 3111 1068 3182 ipsam
1084 3109 1295 3166 sensationem

222 3198 429 3261 attendentes,
446 3198 590 3256 videmus
604 3214 673 3254 eam
687 3213 754 3255 esse
767 3199 870 3268 ipsum
885 3201 990 3254 actum
1010 3199 1120 3254 sensus
1135 3199 1294 3268 objectum

222 3302 314 3344 suum
334 3286 550 3359 percipientis.
569 3290 645 3343 Nam
674 3288 822 3352 senentio,
847 3287 920 3343 licet
943 3288 1095 3356 exsurgat
1114 3288 1234 3343 remote
1253 3302 1296 3344 ex

221 3377 429 3448 impressione
455 3376 604 3446 organica
629 3378 659 3432 et
684 3377 828 3446 proxime
852 3391 891 3431 ex
916 3377 1018 3447 specie
1046 3376 1210 3448 impressa,
1236 3387 1296 3433 nec

222 3465 375 3522 habeatur
390 3465 450 3520 nisi
465 3467 597 3536 propter
620 3465 754 3535 speciem
775 3479 968 3536 expressam,
985 3465 1023 3518 ab
1047 3465 1096 3520 bis
1111 3466 1216 3520 tamen
1231 3465 1296 3520 dis-

222 3555 398 3623 tinguitur:
414 3556 463 3610 est
486 3553 586 3622 igitur
600 3554 666 3624 ipsc
681 3553 770 3609 actus
789 3568 851 3622 quo
873 3567 983 3609 sensus
1008 3553 1159 3623 exprimit
1178 3554 1210 3609 et
1224 3567 1297 3624 eog-

223 3643 324 3699 noscit
339 3643 495 3712 objectum
516 3655 621 3698 suum.
641 3644 719 3696 Sane
742 3643 878 3698 sensatio
899 3642 959 3697 dici
985 3641 1088 3712 potest
1110 3643 1176 3698 lato
1199 3655 1298 3700 sensu

222 3823 506 3890 .mmamaa
