2910 4568
309 441 410 484 chron
424 441 536 483 xnvrn.
551 457 585 467 -
599 435 646 481 n⁰⁸
661 427 723 492 818,
739 427 805 495 819,
824 428 889 492 820,
905 429 967 491 821,
984 429 1047 483 822.
1185 431 1222 484 55

138 549 311 621 impressio
334 551 385 607 vel
411 551 506 608 etiam
531 552 634 623 passio
659 552 774 621 aliqua,
800 553 926 616 emotio,
955 554 1027 616 etc..
1056 553 1131 621 quia
1152 553 1219 608 haec

139 639 245 709 ipsam
260 641 442 710 praecedunt
456 642 506 697 vel
521 642 770 709 consequentum
782 642 836 698 sed
850 642 883 698 in
898 656 930 698 sc
945 645 1073 713 sumpta
1088 643 1137 698 est
1151 643 1219 713 ipse

140 729 234 784 ectus
249 729 405 785 sentiendi
420 729 452 785 et
465 744 528 786 non
543 729 640 786 aliud.

180 861 244 916 819.
262 862 429 919 senentio
444 869 501 919 est
523 863 688 934 cognitio.
705 865 842 920 -Unde
863 865 959 920 etiam
977 865 1122 920 videmus
1143 879 1218 921 sen-

143 951 301 1006 sationem
329 966 396 1008 esse
421 967 497 1007 vere
524 953 744 1022 cognitionem.
773 954 860 1008 Licet
885 954 968 1010 enim
988 954 1126 1023 cognitio
1154 969 1217 1010 non

141 1039 331 1110 perficiatur
348 1041 408 1096 nisi
422 1041 551 1110 jndicio,
569 1043 604 1098 nt
628 1042 747 1098 dictum
773 1043 872 1098 estin
895 1042 1005 1112 logice,
1025 1044 1141 1105 tamen,
1160 1057 1218 1114 per

140 1130 280 1200 speciem
296 1143 352 1184 sen
372 1130 610 1186 similitudinem
635 1130 749 1200 objecti
773 1131 806 1186 in
829 1129 1021 1204 subjectovet
1045 1132 1217 1202 apprehen-

140 1219 264 1274 sionem
280 1232 349 1287 quae
368 1232 437 1274 eam
456 1219 669 1287 consequitur,
692 1219 812 1289 aliquid
839 1220 1070 1276 manifestatur.
1095 1222 1216 1290 Species

138 1308 250 1362 autem
267 1307 425 1364 sensibilis
448 1308 497 1364 est
516 1323 589 1364 vere
613 1308 789 1364 similitudo
814 1309 929 1378 objecti
953 1310 986 1364 in
1007 1309 1158 1379 subjecto,
1185 1312 1217 1366 et

138 1396 280 1452 sensatio
306 1397 354 1451 est
378 1410 452 1453 vere
476 1398 694 1468 apprehensio.
720 1399 827 1466 ltaque
852 1398 988 1454 sensatio
1011 1398 1142 1454 dicende
1168 1403 1216 1456 est

138 1484 292 1553 cognitio.

174 1574 297 1629 Exinde
323 1571 490 1630 inferimus
515 1589 582 1630 esse
608 1575 744 1645 aliquam
776 1576 987 1646 cognitionem
1016 1590 1213 1631 communem

136 1662 321 1718 hominibus
345 1663 376 1718 et
407 1662 518 1727 brutis,
548 1663 667 1721 scilicet
695 1664 905 1734 cognitionem
932 1664 1120 1730 sensibilem,
1146 1666 1213 1722 sine

137 1750 205 1821 quc
222 1751 318 1806 bruta
332 1751 413 1806 nihil
427 1755 632 1823 appeterent:
651 1753 748 1825 ignoti
763 1755 845 1808 enim
861 1752 952 1808 nullo
966 1751 1085 1826 cupido.
1159 1793 1161 1798 .

175 1883 242 1940 820.
267 1884 434 1941 senentio
454 1901 527 1941 non
548 1890 604 1941 est
622 1890 744 1942 motus
767 1885 1009 1942 mechanicus.
1026 1917 1061 1925 -
1081 1888 1125 1942 Ex
1140 1901 1212 1941 om-

137 1973 236 2030 nibus
252 1973 344 2029 dictis
359 1974 457 2044 liquet
471 1976 681 2031 sensationem
698 1989 760 2030 non
775 1990 843 2031 esse
859 1979 978 2030 motum
995 1975 1211 2031 mechanicum

136 2076 312 2118 nervorum
336 2064 392 2117 aut
409 2061 527 2132 aliquid
550 2063 740 2133 hujusmodl.
761 2067 828 2118 Jam
853 2065 935 2118 enim
957 2064 1161 2128 ostendimus,
1179 2066 1211 2118 in

136 2150 341 2219 cosmologia,
361 2153 449 2208 actus
464 2153 576 2208 vitales
593 2167 655 2208 non
676 2167 742 2208 esse
762 2154 867 2208 motus
883 2153 995 2208 locales
1020 2167 1075 2207 seu
1090 2153 1211 2207 mecha-

135 2240 237 2295 nicos.
258 2243 283 2295 A
308 2239 435 2297 fortiori
455 2241 554 2309 igitur
578 2241 724 2306 sensatio,
741 2243 811 2296 cum
828 2242 870 2296 sit
888 2243 977 2297 actus
996 2241 1103 2296 vitalis
1125 2241 1211 2296 nobi·

134 2328 210 2392 lior,
225 2343 289 2384 non
303 2330 407 2398 potest
422 2344 488 2384 esse
506 2332 609 2385 motus
624 2331 730 2385 localis
747 2331 803 2386 aut
817 2330 934 2397 aliquid
946 2330 1153 2400 compositum
1170 2344 1210 2384 ex

135 2416 277 2473 motibus
302 2417 462 2474 localibus.
484 2420 564 2474 Sane
583 2419 687 2475 motus
711 2418 911 2483 librillarum,
934 2418 1100 2488 impressio
1122 2432 1211 2486 orga-

133 2506 209 2561 nica
227 2509 259 2562 et
282 2506 344 2562 alia
370 2507 525 2575 ejusmodi
549 2508 759 2575 requiruntur
781 2508 820 2562 ad
845 2508 1054 2562 sensationem
1079 2519 1209 2574 eamque

133 2595 332 2651 comitantur
343 2596 395 2650 vel
410 2597 656 2665 consequuntur,
673 2597 725 2652 sed
741 2611 803 2652 non
822 2597 897 2652 sunt
911 2595 979 2666 ipsa
991 2594 1138 2650 sensatio.

172 2684 257 2739 ldem
276 2685 362 2753 patet
377 2699 416 2739 ex
435 2684 526 2740 dictis
543 2686 579 2740 de
594 2685 849 2756 impossibilitate
869 2684 1008 2740 materiae
1028 2683 1206 2752 cogitantis.

172 2819 240 2874 821.
260 2816 434 2888 obiectio.
454 2848 488 2856 -
510 2818 701 2875 Sensetionis
714 2803 871 2874 causaest
892 2817 1070 2872 mechanica
1084 2817 1116 2873 et
1130 2816 1208 2872 divi-

133 2906 257 2970 sibilis;
274 2909 395 2975 ergoet
410 2907 479 2977 ipsa
493 2907 641 2962 sensatio.

172 2993 266 3066 Resp.
282 3023 315 3036 -
331 2995 444 3063 Utique
463 2996 678 3050 sensationum
698 3009 801 3050 causae
817 2995 994 3050 materiales
1008 2994 1083 3050 sunt
1097 2993 1207 3049 divisi-

132 3084 225 3148 biles,
241 3083 379 3140 scilicet:
395 3097 446 3139 res
462 3098 530 3152 quoe
546 3084 695 3139 videntur
709 3085 759 3139 vel
774 3083 950 3139 audiuntur
963 3083 1014 3137 vel
1026 3083 1207 3138 sentiuntur

131 3173 197 3228 alio
215 3172 317 3236 modo,
334 3173 366 3228 et
382 3173 476 3227 etiam
493 3174 623 3235 colores,
641 3173 720 3237 soni,
737 3172 946 3228 dimensiones
962 3173 993 3226 et
1008 3171 1070 3227 alia
1085 3169 1206 3238 objecta

129 3259 314 3326 sensibilia;
336 3261 389 3315 sed
418 3275 512 3316 causa
539 3260 681 3316 formalis
706 3261 894 3316 senentionis
914 3261 945 3315 et
969 3259 1106 3316 sensatio
1125 3259 1205 3330 ipsa,

129 3350 256 3406 scilicet
271 3363 380 3405 sensns
399 3351 431 3405 et
446 3351 534 3421 actus
550 3350 705 3405 sentiendi
726 3351 801 3405 sunt
819 3348 1043 3405 indivisibiles

169 3483 235 3537 822.
263 3481 490 3538 Sensetionis
515 3483 760 3553 obiectlvitas.
791 3511 823 3522 -
847 3485 889 3537 Ex
914 3481 972 3536 hac
998 3478 1141 3536 doctrint
1168 3480 1206 3535 de

128 3569 252 3626 nature
266 3571 453 3626 sensationis
468 3571 568 3639 liquet
582 3573 793 3627 sensationem
816 3583 883 3626 esse
904 3569 1101 3638 objectivam.
1127 3570 1209 3624 Sane

128 3673 188 3730 per
204 3672 314 3714 sensus
329 3661 478 3715 externos
498 3674 561 3715 non
579 3660 716 3716 sentitur
738 3660 903 3729 impressio
925 3659 1082 3727 organica,
1104 3671 1205 3738 neque

129 3747 254 3818 species
271 3747 436 3812 sensibilis,
453 3747 506 3804 sed
525 3748 628 3819 ipsum
652 3747 811 3816 objectum
831 3747 985 3803 sensibile.
1012 3745 1205 3802 Erravorunt

127 3835 237 3904 igitur
251 3836 343 3891 multi
359 3835 538 3904 philosophi
554 3835 695 3891 moderni
712 3838 891 3902 lhescartes
909 3836 1020 3900 Looke,
1037 3832 1206 3890 Condillam
