2910 4568
327 427 426 470 carun*
441 427 539 468 unvu.
553 443 586 452 -
601 422 651 467 ru>s
665 411 728 475 785,
745 410 807 474 786,
824 411 887 472 787,
903 409 965 462 788.
1148 407 1179 460 41

114 553 204 609 porro
219 539 329 594 vivere
344 552 407 594 uon
421 540 554 608 possunt
567 538 627 593 uisi
642 537 716 608 quia
731 537 776 591 eis
786 537 869 592 inest
884 533 1075 606 principium
1097 531 1183 586 vite,

115 628 193 697 quod
208 630 257 684 est
271 628 340 698 ipsa
354 629 490 686 essentia
504 629 628 684 animae.

145 753 207 808 788.
223 753 356 809 Anime
381 753 520 810 residet
540 751 791 824 principaliter
818 751 857 806 in
882 749 1102 820 quibusdam
1126 761 1183 802 or-

114 841 226 911 ganis.
244 871 279 880 -
294 843 451 907 Attamen,
475 842 501 898 si
523 841 715 898 attendimus
739 854 799 895 non
827 839 929 894 solum
953 837 992 893 ad
1014 837 1181 892 essentiam

115 931 235 994 animae,
261 929 315 986 sed
338 930 377 986 ad
396 929 465 998 ejus
478 931 617 986 virtutes
641 943 696 986 seu
717 927 884 1000 potentias,
905 941 973 995 quae
989 941 1045 997 per
1064 938 1182 994 organa

115 1019 322 1076 determinata
340 1021 536 1084 exercentur,
563 1019 728 1074 dicendum
757 1016 909 1086 estquod
934 1016 1039 1070 anima
1065 1013 1183 1069 residet

113 1107 331 1179 principaliter
358 1109 391 1164 in
415 1109 601 1178 quibusdam
624 1107 761 1177 organis,
784 1106 960 1178 praesertim
985 1105 1018 1158 in
1042 1103 1180 1158 cerebro.

114 1195 324 1253 Nihilominus
339 1199 444 1254 anima
459 1212 522 1253 non
535 1197 652 1253 residet
666 1198 699 1252 iu
713 1196 777 1252 illis
793 1195 920 1265 organis
934 1194 994 1249 nisi
1009 1193 1082 1262 quie
1101 1191 1182 1247 ordi·

113 1287 229 1342 nentur
248 1287 287 1342 ad
299 1287 419 1354 totum;
435 1285 518 1344 unde
537 1289 643 1342 anima
671 1286 873 1356 eomparatur
895 1283 933 1339 ad
953 1283 1056 1337 totum
1080 1281 1182 1350 primo

113 1375 142 1428 et
156 1389 215 1443 per
231 1389 274 1430 se.
291 1377 338 1432 nd
353 1390 419 1432 rem
435 1379 463 1431 S.
481 1376 561 1431 Tin:

145 1473 259 1528 Anima
271 1473 339 1529 tota
353 1475 401 1530 est
415 1475 448 1530 in
463 1473 601 1544 quelibet
615 1475 705 1543 parte
720 1473 861 1543 eorporis
884 1470 1055 1526 seeundum
1079 1469 1182 1524 totali-

113 1545 207 1599 tatem
224 1545 428 1615 perieotionis
443 1547 474 1601 et
488 1545 641 1608 essentiae,
659 1558 721 1599 non
736 1547 842 1599 autem
857 1542 1029 1598 seeundum
1045 1541 1181 1595 totalita-

112 1617 171 1669 tem
188 1615 336 1678 virtutis;
354 1616 428 1684 quia
446 1631 507 1674 non
528 1616 698 1671 seeundum
714 1615 886 1683 quamlibet
899 1627 988 1668 suam
1008 1612 1181 1681 potentiam

113 1687 205 1741 estin
221 1687 360 1754 qualibet
375 1689 465 1758 parte
480 1689 632 1756 eorporis,
648 1686 701 1742 sed
720 1685 891 1741 seeundum
912 1685 1015 1740 visum
1033 1685 1066 1739 in
1080 1683 1180 1744 oculo,

114 1758 285 1813 seeundum
306 1759 450 1814 auditum
466 1759 499 1813 in
514 1773 600 1822 aure,
620 1759 651 1812 et
670 1758 714 1812 sie
730 1757 767 1812 de
787 1757 867 1812 aliis.
884 1759 998 1810 Tamen
1017 1755 1183 1810 attenden-

113 1827 184 1882 dum
199 1829 349 1898 estquod
369 1831 442 1898 quia
454 1830 560 1884 anima
583 1828 719 1898 requirit
738 1829 954 1884 diversitatem
979 1827 1012 1881 in
1027 1827 1180 1896 partibus,

113 1912 170 1956 non
190 1901 302 1956 eodem
319 1901 411 1956 modo
427 1903 630 1972 eomparatur
644 1900 683 1954 ad
705 1901 808 1955 totum
829 1899 914 1954 etad
930 1900 1052 1966 partes;
1069 1897 1123 1952 sed
1143 1898 1180 1952 ad

113 1975 212 2026 totum
230 1972 356 2039 quidem
375 1972 477 2042 primo
494 1974 526 2026 et
540 1986 597 2042 per
611 1985 654 2034 se,
676 1972 757 2026 siout
772 1970 810 2025 ad
825 1969 990 2039 proprium
1004 1971 1036 2023 et
1055 1983 1183 2038 propor-

112 2041 268 2098 tionatum
282 2043 495 2114 perfectibiie3
520 2043 558 2098 ad
572 2045 676 2110 partes
692 2045 797 2096 autem
814 2055 870 2111 per
884 2041 1052 2111 posterius,
1069 2054 1182 2094 seeun-

114 2114 184 2168 dum
201 2114 287 2182 quod
302 2118 408 2184 partes
424 2114 539 2170 habent
552 2113 694 2168 ordinem
714 2113 752 2168 ad
767 2115 868 2167 totum
881 2112 929 2180 (l).

508 2441 636 2502 CAPUT
656 2441 766 2500 XLVII

373 2606 413 2646 DE
432 2605 594 2646 POTENTIIS
614 2605 729 2646 ANIMAE
746 2605 779 2645 lN
799 2604 924 2644 GENERE

146 2765 316 2832 Hucusque
332 2763 369 2818 de
382 2761 518 2817 assentiet
532 2762 645 2817 animae
660 2763 780 2830 egimus
792 2777 799 2826 ;
813 2776 895 2816 nune
909 2760 1074 2816 dicendum
1088 2760 1136 2815 est
1145 2759 1183 2814 de

114 2848 261 2922 potentiis
276 2852 401 2914 animae,
425 2852 492 2906 sive
514 2852 547 2906 in
568 2865 692 2920 genere,
717 2851 783 2907 sive
807 2851 840 2906 in
862 2850 973 2920 speeie.
990 2849 1183 2913 Quaestiones

115 2953 180 3005 quae
199 2942 374 2996 occurrunt
390 2941 463 2996 sunt
478 2941 632 3009 ejusmodi
643 2941 770 2996 :Utrum
782 2940 930 3011 potentiae
946 2939 1184 3006 distinguantur

114 3030 243 3086 realiter
257 3030 295 3084 ab
310 3029 447 3086 assentit
462 3030 596 3084 animaei
621 3029 780 3093 Quomodo
805 3026 1027 3098 specificantur
1041 3029 1072 3081 et
1094 3026 1182 3081 ordi-

114 3114 253 3174 nantur?
276 3118 437 3183 Quodnam
462 3120 503 3174 sit
527 3133 637 3174 eorum
657 3117 833 3186 subJ‘eetum
856 3110 1095 3171 immediatum?
1117 3115 1179 3170 eto.

113 3209 197 3263 Ciroa
219 3208 285 3263 haee
305 3209 337 3262 et
357 3207 420 3262 alia
445 3208 562 3264 similia
594 3207 737 3262 versatur
759 3203 984 3276 dynamitogio,
1011 3217 1089 3271 quae,
1111 3204 1181 3257 eum

114 3298 152 3352 sit
166 3298 326 3353 tractatus
349 3297 386 3352 de
410 3297 558 3366 potentiis
586 3297 709 3361 animae,
734 3299 782 3352 est
806 3309 877 3366 pars
901 3293 1119 3364 psyohologiae.
1142 3295 1182 3346 De

113 3387 263 3456 potentiis
278 3387 311 3441 in
327 3399 440 3454 genere
456 3385 570 3442 thesim
586 3387 767 3454 sequentem
779 3385 949 3440 statuimus
966 3399 973 3437 :

145 3485 271 3540 Tuns1s.
292 3513 328 3524 -
341 3479 448 3538 Raetis
464 3481 623 3538 distinctio
637 3480 722 3536 inter
734 3479 887 3553 potentias
903 3483 931 3535 et
951 3478 1067 3535 animm
1082 3494 1183 3534 essen-

85 3611 88 3620 .
115 3569 191 3626 tiam
205 3570 406 3627 admittendo
421 3574 475 3639 est,
496 3601 530 3612 -
546 3587 667 3626 necnon
681 3585 794 3624 aarum
808 3567 988 3642 pluralitas,
999 3595 1033 3608 -
1052 3571 1081 3622 et
1097 3566 1181 3621 ordo.

114 3689 144 3698 -
154 3659 273 3716 Omnes
288 3658 478 3716 derivantur
489 3660 526 3714 ab
542 3659 663 3724 anima,
676 3675 741 3729 quoe
756 3659 823 3714 sola
836 3661 881 3714 est
895 3656 1067 3728 subjectum
1079 3657 1186 3730 potens-v

144 3838 179 3900 (1)
195 3838 233 3898 1⁸,
250 3854 276 3904 q.
288 3838 330 3895 76,
346 3852 371 3885 a.
385 3835 406 3884 8.
