2910 4568
227 359 263 416 92
656 379 871 422 rsrcuonoom

227 486 316 541 mera
338 488 502 558 negatione
523 490 650 556 doloris,
668 493 703 546 ut
722 493 844 548 dicebat
866 493 1028 564 Epicurus,
1050 492 1103 547 sed
1123 507 1162 546 ex
1180 491 1301 561 perlec-

227 575 312 630 tione
326 577 415 633 actus
430 579 461 632 et
476 579 677 634 conscientia.

264 666 397 720 Tandem
420 667 583 723 inclinatio
599 670 689 724 modo
704 671 850 739 praecedlt
865 673 896 726 et
916 671 1007 726 modb
1030 669 1234 738 consequitur
1249 668 1300 725 de-

227 753 437 810 lectationem.
455 757 532 812 Sane
547 757 709 814 inclinatio
729 761 883 815 naturalis
904 761 1129 830 cujuscumque
1148 757 1299 829 potentiae

227 844 259 897 et
281 843 379 911 ipsius
402 845 534 914 subjecti
558 847 596 901 ad
618 849 784 916 agendum,
808 863 1036 918 quamcumque
1058 847 1299 903 delectationem

226 933 389 1000 praeoedit3
407 934 461 990 sed
476 934 586 991 deinde
603 936 769 992 delectatio
784 947 932 1008 percepta
943 938 1119 1008 appetitum
1135 937 1299 1006 provocat,

226 1019 316 1087 cuius
333 1025 436 1078 motus
452 1026 496 1078 sic
516 1025 753 1082 delectationem
769 1028 983 1096 consequitur.

262 1164 324 1218 904.
343 1165 395 1222 De
415 1167 722 1225 inclinationibus,
741 1201 774 1208 -
790 1169 875 1225 Unde
891 1169 1085 1238 distinguere
1105 1170 1230 1240 oportet
1248 1168 1298 1222 in-

226 1254 426 1311 clinationem
455 1258 630 1312 naturalem
658 1258 720 1326 qua
745 1258 876 1328 singulae
901 1259 1049 1328 potentiae
1080 1257 1229 1313 feruntur
1262 1257 1297 1310 in

226 1356 318 1397 suum
339 1344 495 1413 objectum
515 1347 572 1415 (ita
584 1347 671 1402 visus
688 1347 791 1403 fertur
805 1348 844 1402 ad
860 1348 1040 1410 videndum,
1057 1345 1237 1401 intellectus
1259 1345 1299 1400 ad

226 1431 477 1505 intelligendum)
507 1436 538 1490 et
566 1436 803 1492 inclinationem
829 1437 928 1506 ipsius
957 1435 1101 1505 subjecti,
1131 1435 1213 1502 quod
1242 1447 1300 1502 per

227 1533 299 1575 suas
312 1524 467 1591 potentias
483 1526 644 1594 operatur,
662 1524 756 1580 finem
772 1526 892 1580 obtinet
911 1526 942 1580 et
961 1525 993 1579 in
1011 1524 1072 1579 tine
1089 1523 1298 1579 delectatione

226 1609 367 1676 quiescit.
821 1671 824 1680 ¹

262 1699 461 1768 Distinguere
475 1703 600 1771 oportet
614 1704 709 1758 ctiam
725 1703 943 1758 inclinationes
962 1701 1144 1771 spirituales
1160 1703 1192 1756 et
1206 1701 1297 1756 incli-

175 1834 178 1840 ,
225 1787 369 1843 nationes
385 1790 546 1846 sensibiles
559 1807 566 1856 ;
587 1805 655 1860 quae
669 1793 859 1862 respondent
873 1790 1131 1846 delectationibus
1146 1790 1301 1860 spiritua·

226 1875 307 1931 libus
322 1878 354 1932 et
368 1879 577 1942 sensibilibus,
595 1895 715 1936 necnon
734 1881 884 1952 potentiis
906 1881 1018 1935 animae
1041 1878 1245 1934 intellectivae
1264 1880 1298 1934 et

224 1966 337 2020 animae
353 1968 521 2023 sensitivae.
546 2021 549 2031 ,

261 2056 293 2110 si
316 2060 391 2111 verb
407 2057 646 2126 distinguuntur
670 2059 889 2114 inclinationes
910 2073 972 2114 non
996 2057 1167 2113 secundum
1189 2058 1299 2127 poten·

226 2145 297 2208 tias,
315 2146 367 2200 sed
383 2147 554 2202 secundum
570 2148 692 2217 objecta
703 2161 916 2216 quaecumque,
931 2147 1008 2214 jam,
1026 2147 1109 2202 sicut
1123 2146 1297 2221 passiones,

225 2234 449 2302 ingrediuntur
464 2251 571 2292 omnes
587 2238 723 2292 virtutes
744 2239 775 2292 et
798 2236 904 2292 omnia
918 2236 1016 2300 vitia;
1034 2235 1116 2290 unde
1135 2235 1299 2305 pertinent

228 2323 266 2378 ad
280 2323 414 2379 ethicam
429 2327 535 2394 potius
551 2325 642 2394 quam
665 2327 703 2380 ad
726 2324 969 2394 psycbologiam.
986 2327 1050 2389 Quo
1070 2325 1161 2394 pacto
1184 2323 1299 2378 distin-

227 2414 368 2482 guuntur
383 2413 611 2480 inclinationes,
627 2430 675 2470 ex.
694 2429 752 2483 gr,
768 2415 801 2468 in
814 2413 1004 2485 personales,
1020 2410 1149 2466 sociales
1164 2413 1196 2466 et
1210 2427 1299 2484 supe·

227 2499 336 2556 riores.
349 2503 395 2558 Ad
408 2503 626 2558 inclinationes
636 2505 815 2573 personales
831 2505 1022 2558 revocantur
1033 2515 1123 2556 amor
1135 2499 1195 2564 sui,
1207 2514 1299 2556 amor

225 2591 392 2652 libertatis,
408 2605 497 2646 amor
511 2593 727 2662 proprietatis,
745 2607 834 2647 amor
853 2592 989 2662 imperii,
1013 2592 1071 2646 etc.
1088 2591 1132 2645 Ad
1157 2590 1297 2644 inclina-

225 2680 326 2734 tiones
341 2680 470 2735 sociales
486 2683 676 2736 revocantur
692 2681 907 2737 misericordia
921 2696 996 2749 erga
1019 2679 1160 2741 miseros,
1181 2679 1295 2734 amici-

224 2768 279 2831 tia,
294 2769 465 2836 gratitudo,
480 2783 568 2825 amor
587 2769 707 2840 patriae,
724 2771 785 2825 etc.
803 2771 850 2824 Ad
873 2769 1093 2824 inclinationes
1116 2767 1297 2838 superiores

224 2859 415 2912 revocantur
428 2873 517 2913 amor
533 2859 611 2921 veri,
631 2859 767 2930 pulchri.
786 2859 918 2922 honesti,
935 2860 993 2913 etc.

260 2999 327 3054 905.
353 2999 405 3054 De
433 3001 680 3056 instinctibus.
709 3029 741 3041 -
771 3002 853 3056 ldem
883 3001 948 3056 fere
982 2999 1146 3054 dicendum
1177 2999 1225 3054 est
1259 2999 1297 3054 de

224 3089 434 3153 instinctibus,
456 3090 599 3157 quisunt
618 3091 707 3157 quasi
721 3090 941 3146 inclinationes
963 3089 1061 3157 magis
1077 3087 1297 3144 determinata

225 3192 292 3246 quae
306 3178 344 3232 ab
363 3179 440 3248 ipsis
455 3179 647 3249 appetitibus
664 3193 726 3234 non
741 3179 868 3234 differre
888 3177 1047 3232 videntur.
1063 3178 1148 3246 Saepe
1172 3191 1298 3248 compa·

223 3269 337 3322 rantur
352 3264 520 3321 instinctus
536 3269 567 3323 et
586 3266 735 3321 babitus:
761 3267 887 3322 habitus
912 3266 1039 3322 additur
1062 3266 1184 3320 naturae
1207 3279 1300 3334 gene·

224 3357 318 3411 ratim
333 3371 390 3427 per
408 3357 595 3412 exercitium
612 3357 642 3411 et
658 3357 752 3412 etiam
768 3356 981 3418 exelectione,
998 3354 1072 3408 dum
1092 3354 1264 3409 instinctus
1280 3367 1299 3408 a

224 3445 339 3500 natura
354 3445 419 3500 sola
435 3447 520 3500 totus
535 3445 649 3500 oritur.
