2790 4546
213 417 269 473 292
625 429 678 472 Jus
697 428 870 471 1111333133

217 540 291 597 31113
310 541 469 598 oriuntur.
492 541 560 596 llaec
592 540 675 596 enim
709 540 785 596 sunt
806 539 888 595 mels
910 540 944 594 in
965 554 998 596 33
1022 541 1054 596 31
1079 541 1240 597 inducunt
1259 543 1291 596 in

217 629 299 686 113113
312 629 441 698 injusto.

253 763 332 818 1334.
362 763 415 818 Dc
446 762 697 818 contractibus
724 761 823 817 inter
848 767 977 832 pentes
1006 762 1125 819 initis.
1141 791 1178 805 -
1203 765 1291 820 Sicut

215 851 348 923 privetae
363 865 505 923 personne
527 851 708 908 contractus
724 851 804 906 inire
819 851 963 922 possunt,
979 851 1024 906 113
1048 852 1080 907 31
1094 853 1205 920 gentes
1222 854 1289 908 sive

217 942 333 998 Status.
344 941 430 996 Unde
446 941 485 996 ed
497 940 551 1009 J’us
564 940 709 996 naturale
723 939 952 996 observandum
967 954 986 995 s
1006 940 1153 1009 gentibus
1168 942 1289 1010 accedit

213 1029 267 1100 jus
294 1028 478 1101 positivum,
503 1027 586 1097 quod
617 1042 729 1099 nempe
750 1043 791 1084 ex
815 1029 1028 1086 contractibus
1045 1029 1142 1098 iustis
1172 1030 1286 1086 oritur.

216 1119 289 1174 Dico
319 1135 326 1172 :
356 1132 396 1173 cx
426 1114 634 1172 contractibus
648 1115 756 1188 justis.
777 1119 853 1172 Nam
878 1119 1056 1174 contractus
1084 1118 1158 1173 initi
1177 1120 1288 1175 contre

215 1207 268 1276 jns
283 1209 405 1263 naturae
419 1208 494 1262 sunt
513 1205 617 1272 irriti;
640 1205 817 1274 requiritur
840 1221 914 1278 ergo
929 1207 1011 1276 quod
1026 1208 1208 1263 contractus
1223 1209 1288 1264 sint

216 1295 386 1352 secundnm
403 1295 457 1364 jus
477 1297 610 1358 natnrae,
628 1294 708 1350 illud
727 1294 847 1351 scilicet
866 1295 1104 1351 determinando
1119 1297 1172 1352 vel
1185 1297 1289 1367 appli-

216 1384 323 1449 cando,
341 1384 376 1440 ut
391 1384 508 1440 dictum
524 1385 573 1438 est
587 1383 624 1438 de
640 1381 762 1452 legibus
777 1384 810 1438 in
830 1397 952 1452 genere.

253 1518 331 1574 1335.
348 1518 400 1573 De
417 1517 498 1588 iure
518 1517 702 1588 gentium
722 1517 767 1572 de
788 1517 868 1586 lure
888 1517 1163 1575 intemationali
1183 1515 1287 1588 :ejus

214 1608 502 1664 hmdementum.
523 1636 556 1646 -
580 1605 666 1660 Nunc
683 1605 759 1661 sotis
779 1605 971 1676 intelligitur
993 1607 1067 1674 quid
1088 1606 1287 1676 significetur

215 1698 271 1752 3111
282 1695 454 1766 significari
471 1695 572 1766 possit
585 1693 635 1749 his
650 1692 780 1749 vocibus
797 1692 870 1765 :jus
885 1691 1026 1766 pentium
1042 1697 1075 1750 et
1090 1693 1287 1766 1133131133-

215 1784 389 1842 nationale.
409 1787 464 1839 lus
484 1784 626 1852 gentium
644 1781 705 1838 dici
722 1785 827 1854 potest
845 1783 924 1839 illud
945 1783 999 1854 jus
1015 1785 1161 1840 naturale
1175 1787 1207 1842 et
1221 1789 1289 1857 pri·

216 1875 363 1931 mitivum
379 1874 430 1928 cui
441 1872 654 1941 subjiciuntur
673 1885 781 1942 omnes
795 1871 963 1928 relationes
986 1873 1127 1942 gentium
1144 1875 1287 1930 3311813-

216 1965 317 2022 tuum.
337 1963 383 2019 Ab
398 1962 452 2017 illo
466 1961 539 2030 jnre
560 1961 625 2016 fere
650 1974 712 2015 non
727 1960 879 2016 differunt
897 1961 999 2016 officie
1014 1963 1126 2018 mutua
1140 1964 1285 2033 gentium

215 2067 283 2121 quae
298 2051 403 2108 fluunt
417 2051 580 2106 evidenter
594 2051 627 2105 et
644 2049 826 2105 immediate
845 2064 885 2104 ex
907 2050 1072 2121 principiis
1094 2051 1286 2120 1331333111-

214 2143 289 2197 relis
315 2141 370 2196 eut
391 2141 424 2195 in
443 2137 721 2194 consuetudinibus
745 2138 972 2207 antiquissimis
996 2138 1180 2206 fundentur,
1202 2141 1287 2196 sicut

215 2245 252 2287 ee.
266 2245 334 2299 quae
354 2227 515 2300 pertinent
530 2227 568 2283 ed
584 2227 703 2283 foedere
719 2226 913 2282 observanda
929 2228 961 2282 et
979 2228 1166 2284 nuntiorum
1180 2230 1284 2300 privi-

166 2304 170 2310 ’
215 2321 306 2390 legin.
321 2318 379 2374 Sed
394 2317 433 2373 ed
451 2317 531 2372 illud
542 2315 597 2384 jus
613 2317 824 2396 necessarium
837 2316 958 2372 accedit
968 2316 1022 2386 jus
1035 2317 1286 2374 internetionalc

213 2409 385 2481 positivum
402 2406 484 2474 quod
503 2405 679 2478 praesertim
700 2419 740 2460 ex
764 2405 976 2460 contractibus
1003 2405 1100 2462 libere
1115 2407 1205 2463 initis
1220 2407 1286 2462 ori-

214 2501 277 2554 tur.
291 2497 379 2554 Unde
389 2496 532 2552 differret
541 2495 596 2564 jus
610 2494 851 2550 internetionele
864 2491 964 2562 ajure
979 2495 1118 2564 gentium
1135 2497 1219 2552 sicut
1232 2497 1286 2552 lex

213 2587 383 2659 positivae
398 2585 464 2654 lege
480 2583 628 2648 naturali,
649 2597 718 2652 quoe
733 2583 866 2652 proinde
881 2584 929 2638 331
952 2597 1076 2654 semper
1090 2584 1190 2641 totius
1199 2585 1287 2654 juris

214 2676 463 2732 fundamentum.
859 2733 861 2737 ,

249 2764 414 2820 Sciendum
430 2763 478 2818 est
496 2762 601 2816 temen
617 2759 698 2828 quod
714 2761 742 2814 S.
758 2761 814 2815 Th.
830 2760 892 2815 3113
907 2761 998 2816 modo
1014 2760 1125 2816 delinit
1135 2762 1191 2830 jus
1206 2779 1286 2833 gen·

215 2854 308 2908 tium.
326 2852 405 2907 lllud
420 2851 502 2906 enim
518 2849 612 2906 habet
632 2850 781 2917 tanquam
804 2849 938 2920 speciem
958 2851 1042 2920 jnris
1070 2851 1214 2920 positivi.
1230 2857 1287 2910 lus

215 2941 320 2996 nutem
335 2940 506 3011 positivum
522 2939 605 2994 esset
619 2937 736 3008 duplex
751 2953 758 2991 ε
770 2936 826 3009 jus
839 2935 979 3008 pentium
994 2941 1026 2995 et
1035 2939 1092 3010 jus
1111 2938 1285 2999 3131131113

213 3029 354 3098 gentium
370 3031 555 3095 exsurgeret
578 3041 618 3082 ex
640 3023 884 3080 conclusionibus
909 3027 1107 3084 evidentibus
1122 3031 1155 3085 31
1169 3031 1286 3087 imme-

213 3117 306 3174 diatis
322 3116 399 3185 legis
415 3115 578 3171 naturalis.
594 3117 649 3170 lus
671 3117 777 3170 eutem
793 3115 886 3170 civile
900 3116 1087 3173 consisteret
1101 3117 1132 3172 in
1148 3119 1286 3188 quibus-

212 3209 283 3261 dem
307 3200 623 3260 determinationibus
647 3203 786 3273 ejusdem
821 3204 898 3274 legis
930 3205 1095 3262 naturalis.
1125 3207 1287 3264 Audiatur

213 3300 240 3352 S.
253 3295 389 3370 llantur:

219 3415 221 3420 ·
249 3403 303 3458 list
325 3401 362 3457 de
386 3401 508 3456 ratione
529 3400 607 3470 legis
629 3401 775 3455 humenee
789 3400 872 3468 quod
893 3399 935 3455 sit
954 3399 1096 3456 derivate
1110 3413 1129 3455 o
1142 3402 1212 3470 lege
1231 3399 1287 3458 ne-

212 3477 327 3528 turae...
346 3474 382 3527 Et
398 3472 568 3528 secundum
584 3471 642 3526 hoc
664 3471 882 3538 dividiturjus
897 3471 1068 3542 positivum
1083 3471 1116 3526 in
1136 3474 1194 3543 jus
1212 3488 1286 3544 pen-

213 3542 294 3598 tium
310 3544 342 3598 et
350 3542 406 3613 jus
422 3540 511 3596 ciuile
526 3542 697 3597 secundum
713 3543 790 3597 duos
806 3541 913 3596 modos
928 3542 1040 3609 quibus
1062 3542 1182 3612 aliquid
1198 3544 1285 3600 deri-

215 3617 307 3669 vetur
321 3628 339 3668 3
355 3616 421 3682 lege
434 3614 607 3668 naturali...
622 3615 698 3668 Nem
709 3613 748 3668 ed
759 3613 813 3680 jus
829 3613 969 3680 gentium
984 3613 1146 3683 pertinent
1159 3627 1198 3669 33
1212 3629 1285 3683 quoe

213 3685 399 3740 deriventur
422 3699 461 3740 ex
480 3684 547 3754 lege
571 3684 692 3739 naturae
717 3684 799 3739 sicut
813 3683 1026 3739 conclusiones
1041 3699 1081 3739 311
1094 3685 1284 3756 principiis;

212 3753 355 3822 uijustae
376 3755 560 3826 emptiones,
576 3754 773 3810 venditiones
787 3755 820 3810 31
834 3754 896 3810 3113
915 3753 1109 3822 hujusmodi,
1132 3756 1287 3827 3111311111-

212 3827 268 3882 bus
292 3826 485 3882 11311111133311
499 3827 634 3882 invicem
651 3826 818 3882 convenire
837 3839 899 3881 non
913 3827 1065 3895 possunt;
1081 3827 1164 3895 quod
1178 3832 1230 3886 est
1245 3829 1285 3886 de
