2828 4550
370 457 470 499 carun
488 455 574 498 nmv.
591 471 624 483 -
639 452 685 498 n⁰⁵
703 443 781 506 1068,
801 441 879 506 1069,
898 443 981 498 1070.
1167 442 1219 498 163

134 583 211 624 rum
237 569 396 624 rationum
430 568 473 623 sit
504 567 629 623 tantum
653 568 803 638 exparte
825 567 1003 624 intellectus
1030 569 1143 632 nostri,
1163 569 1216 624 vel

133 639 247 707 aliquo
272 640 364 694 modo
383 654 422 694 ex
442 640 529 708 parte
552 639 610 704 rei,
626 639 787 694 sciendum
802 641 850 694 est
867 639 950 708 quod
965 639 1026 694 ista
1046 639 1214 709 pluralitas

132 711 301 766 rationum
317 711 473 779 contingit
494 710 615 764 err—hoc
630 710 712 776 qudd
730 724 781 765 res
803 723 872 778 quae
894 712 974 766 Deus
997 711 1056 771 esc.
1085 712 1215 781 superat

131 782 337 836 intellectum
357 784 511 836 nostrum.
533 780 711 836 Intellectus
727 781 809 836 enim
829 782 1010 836 nosternon
1025 782 1129 851 potest
1153 781 1216 838 uui

133 852 346 922 conceptione
360 853 502 908 diversos
522 851 629 908 modos
651 851 854 922 perfectionis
873 853 1037 922 accipere:
1058 847 1215 922 tumqnia

130 938 178 978 ex
195 923 350 978 creaturis
370 923 579 991 cognitionem
594 923 718 993 accipit,
735 923 767 976 in
782 923 894 990 quibus
905 925 980 978 sunt
994 923 1112 979 diversi
1130 924 1215 980 modi

132 993 382 1064 perfectionum,
398 994 568 1049 secundum
584 994 725 1049 diversas
740 994 857 1049 formas
870 1010 876 1058 ;
893 996 962 1050 tum
975 995 1048 1062 qnia
1064 995 1121 1050 hoc
1131 995 1213 1062 quod

133 1067 171 1119 in
185 1065 249 1120 Deo
263 1067 312 1120 est
325 1079 422 1120 unum
434 1067 465 1120 et
479 1065 614 1133 simplex
632 1064 834 1136 plurificatur
853 1066 887 1118 in
907 1066 1071 1120 intellectu
1093 1067 1212 1128 nostro,

130 1136 267 1192 etiamsi
279 1137 459 1190 immediate
479 1150 498 1190 a
519 1139 579 1191 Deo
604 1135 775 1206 reciperet;
793 1136 875 1191 sicut
894 1137 1124 1206 multiplicatur
1138 1151 1214 1207 pro-

132 1221 249 1262 cessus
264 1221 328 1262 suae
345 1207 492 1262 bonitatis
509 1208 541 1262 in
554 1206 624 1262 aliis
639 1208 803 1263 creaturis.
816 1207 912 1272 Unde,
925 1209 996 1262 cum
1012 1211 1093 1264 Deus
1107 1222 1215 1264 secun·
1316 1224 1319 1230 ·

134 1278 217 1333 dnm
233 1292 328 1332 unam
344 1279 376 1334 et
390 1278 529 1333 eamdem
549 1292 615 1333 rem
640 1279 683 1334 sit
697 1279 841 1334 omnibus
857 1279 957 1334 modis
971 1279 1139 1350 perfectus,
1152 1280 1215 1335 unat

131 1350 344 1418 conceptione
368 1364 430 1404 non
463 1349 567 1420 potest
587 1349 704 1419 (homo)
735 1350 858 1418 integre
891 1349 1114 1420 perfectionem
1143 1353 1212 1420 ejus

129 1421 386 1490 apprehendere,
399 1421 431 1476 et
445 1435 501 1491 per
518 1433 709 1488 consequens
725 1435 781 1476 nec
796 1420 976 1487 nominare;
993 1423 1024 1476 et
1038 1422 1107 1476 ideo
1123 1435 1214 1492 opor-

132 1492 188 1546 tet
202 1491 284 1559 quod
300 1493 439 1548 diversas
454 1491 672 1561 conceptiones
687 1491 724 1546 de
738 1506 775 1546 eo
790 1490 903 1546 habeat
915 1505 983 1560 quae
999 1491 1213 1547 suutdiversae

135 1561 291 1626 rationes,
317 1564 349 1618 et
371 1563 452 1631 quod
475 1564 600 1619 diversa
623 1563 750 1617 nomina
773 1563 916 1631 imponat
935 1561 1145 1630 significantia
1165 1577 1214 1618 ra-

135 1633 244 1688 tiones
262 1633 370 1688 illas...
392 1634 478 1698 Quod
493 1635 598 1688 autem
614 1635 694 1688 Deus
709 1633 839 1688 excedat
852 1633 1053 1688 intellectum
1069 1635 1212 1690 nostrum

135 1705 190 1758 est
204 1719 245 1758 en
268 1706 357 1774 parte
383 1704 482 1773 ipsius
511 1704 574 1768 liei,
602 1705 732 1773 propter
754 1703 984 1775 plenitudinem
1010 1704 1211 1774 perfeetionis

135 1775 224 1843 eJus,
236 1775 268 1830 et
282 1789 321 1830 ex
336 1777 426 1845 parte
441 1775 618 1830 intellectus
632 1775 742 1837 nostri,
759 1775 812 1843 qui
827 1774 1008 1830 deficienter
1019 1790 1051 1830 se
1067 1775 1161 1830 habet
1173 1777 1211 1831 ad

137 1859 211 1900 eam
230 1845 562 1916 comprehendendam.
586 1847 672 1901 Unde
691 1847 778 1916 patet
796 1846 878 1912 qued
893 1847 1058 1917 pluralitas
1078 1847 1211 1902 istarum

138 1916 303 1971 rationum
318 1931 379 1971 non
390 1919 515 1972 tantum
531 1917 909 1987 estenparteintellectts
926 1919 1036 1982 nostri,
1050 1919 1104 1973 sed
1115 1919 1210 1973 etiam

137 2002 182 2042 ex
204 1989 294 2056 parte
313 1988 413 2057 ipsius
428 1987 481 2042 Dei
497 1989 529 2042 in
549 1994 700 2056 quantum
719 2001 777 2044 sua
797 1988 948 2058 perfectio
961 1992 1090 2058 superat
1106 2003 1212 2043 unam-

137 2069 298 2126 quamque
314 2059 548 2128 conceptionem
568 2060 668 2114 nostri
683 2059 873 2114 intellectus.
894 2060 931 2114 nt
950 2060 1021 2115 ideo
1036 2059 1211 2130 pluralitati

139 2129 278 2183 istarum
297 2130 456 2185 rationum
472 2129 641 2200 respondet
657 2130 774 2198 aliquid
788 2131 822 2184 in
836 2144 881 2193 re,
897 2144 966 2198 quae
981 2133 1060 2186 Deus
1075 2131 1132 2196 est,
1149 2145 1211 2186 non

137 2199 271 2268 quidem
286 2200 454 2269 pluralitas
477 2201 534 2264 rei,
556 2201 610 2256 sed
632 2201 724 2270 plena
743 2201 905 2271 perfectio,
922 2214 961 2255 en
982 2201 1044 2269 qua
1058 2202 1213 2270 contingit

140 2272 180 2326 ut
194 2283 302 2326 omnes
316 2272 385 2326 istae
401 2272 619 2342 conceptiones
635 2271 663 2326 ei
678 2273 827 2341 aptentur
842 2271 889 2341 ll).

150 2449 154 2455 ,
180 2394 236 2450 His
246 2393 337 2450 dictis
352 2394 389 2450 de
402 2395 566 2452 attributis
581 2395 634 2450 Dei
649 2397 681 2450 in
704 2410 826 2464 genere,
842 2396 881 2450 ad
902 2395 1029 2464 singula
1050 2394 1211 2450 attendere

138 2484 280 2554 oportet,
297 2484 329 2538 et
342 2483 446 2554 primo
461 2483 586 2552 quidem
601 2484 640 2540 ad
655 2483 944 2540 immutabilitatem
957 2500 963 2548 ;
980 2497 1073 2552 quam
1088 2483 1133 2538 sic
1148 2484 1215 2539 sta-

141 2573 266 2629 tuimus
282 2589 290 2626 :

181 2725 259 2779 1070.
281 2726 380 2780 Deus
398 2725 497 2782 solus
517 2728 574 2780 est
597 2725 762 2780 absolute
775 2725 1023 2780 immutabilis.
1039 2755 1073 2764 -
1093 2725 1212 2780 Immu-

138 2812 284 2868 tabilitas
299 2813 407 2868 divina
431 2815 476 2869 sic
490 2813 668 2870 ostenditur
684 2830 691 2866 ε

182 2920 209 2972 l⁰
229 2920 383 2987 Quidquid
398 2919 540 2975 mutatur
553 2921 668 2975 transit
682 2920 720 2975 ab
737 2933 798 2974 uno
814 2921 898 2975 statu
911 2921 949 2976 ad
959 2924 1056 2977 alium
1068 2923 1114 2992 (n0
1128 2923 1209 2992 474);

141 3009 228 3064 unde
248 3009 398 3064 mutabile
426 3009 525 3064 estin
546 3009 687 3080 potentia
707 3008 746 3063 ad
771 3008 907 3077 aliquem
933 3012 1047 3065 actum.
1061 3011 1118 3066 Sed
1133 3013 1213 3066 Deus

139 3098 191 3153 est
203 3097 292 3152 aetus
307 3111 418 3168 purus,
435 3099 470 3153 ut
487 3097 606 3152 dietum
622 3099 678 3154 est.

178 3204 209 3255 2⁰
238 3203 393 3270 Quidquid
424 3205 567 3259 mutatur
590 3205 638 3259 est
667 3204 887 3274 compositum,
916 3205 1069 3273 siquidem
1099 3205 1215 3261 transit

137 3291 244 3362 quoad
259 3291 379 3360 aliquid
401 3295 432 3346 et
456 3293 561 3347 manet
580 3291 681 3360 quoad
706 3293 804 3348 aliud.
833 3293 889 3348 Sed
912 3295 991 3348 Deus
1015 3295 1063 3348 est
1086 3293 1213 3350 omniuo

137 3380 279 3451 simplex
292 3382 325 3436 et
339 3381 553 3436 indivisibilis.

177 3488 210 3540 3⁰
227 3487 384 3555 Quidquid
407 3488 551 3543 mutatur
573 3487 709 3555 acquirit
731 3489 849 3556 aliquid
865 3489 914 3544 vel
934 3487 1062 3553 amittit,
1079 3489 1214 3556 augetur

137 3578 192 3633 vel
212 3576 380 3642 minuitur,
398 3575 434 3632 fit
459 3575 570 3631 melius
590 3575 642 3630 vel
663 3576 763 3646 pejus.
787 3577 844 3632 Sed
869 3581 959 3640 Deus,
985 3578 1055 3632 cum
1075 3575 1119 3632 sit
1136 3591 1215 3646 per·

137 3664 244 3722 fectus
269 3666 301 3720 et
328 3663 482 3730 infinitus,
509 3665 628 3733 aliquid
655 3665 817 3734 acquirere
847 3666 897 3720 vel
919 3665 1075 3728 amittere,
1105 3665 1214 3732 augeri

169 3872 208 3934 (l)
222 3869 260 3918 Ia
279 3869 297 3916 I
306 3869 368 3917 libr.
382 3869 458 3917 seat.
474 3867 544 3918 Dist.
562 3867 592 3926 ΙΙ,
605 3883 631 3933 q.
644 3869 666 3925 1,
679 3883 704 3918 a.
722 3869 748 3918 3.
