2790 4546
290 921 445 1044 JUS
503 905 998 1044 NATURALE

496 1589 625 1649 CAPUT
653 1588 767 1647 LXXV

352 1752 392 1793 DE
410 1752 490 1794 JURn
507 1752 672 1794 aaronem
697 1753 731 1794 IN
755 1753 879 1794 GENERE
900 1755 907 1792 :

282 1841 321 1882 DE
339 1841 461 1882 JURIUM
480 1841 517 1882 ΕΤ
541 1841 735 1898 orr10101srlrt
755 1841 968 1884 runonmnttro
987 1846 994 1892 3

316 1929 356 1970 DE
374 1929 558 1970 PRAEcnPrrs
577 1930 746 1972 NEGA'I'IVIS
762 1931 799 1972 nr
816 1931 967 1972 POSITIVIS

143 2082 219 2138 1240.
241 2084 294 2140 De
311 2083 391 2152 iure
412 2098 419 2139 :
443 2084 522 2153 ejus
544 2085 682 2154 species
701 2085 1010 2155 etproprietatss.
1025 2089 1130 2142 -lus
1147 2089 1177 2157 (a

108 2172 316 2240 vocejussum
334 2189 341 2226 ε
356 2172 478 2241 jubere)
495 2175 542 2229 cst
563 2173 595 2228 id
610 2173 691 2242 quod
703 2174 826 2243 justum
852 2175 911 2242 est,
939 2174 971 2229 id
998 2175 1054 2238 est,
1081 2175 1175 2230 alteri

107 2258 244 2315 debitum
260 2261 312 2316 vel
326 2261 395 2316 sibi.
418 2262 495 2316 Hinc
515 2260 569 2329 jus
591 2261 717 2332 proprie
741 2261 860 2316 dictum
883 2264 914 2318 et
933 2262 1071 2318 officinm
1092 2264 1176 2318 :hoc

106 2349 154 2403 est
168 2347 306 2404 debitum
321 2349 429 2414 alteri;
450 2349 529 2405 illud
544 2353 649 2405 autem
665 2351 713 2405 est
728 2350 866 2406 debitum
882 2350 952 2405 sibi.
977 2352 1032 2406 lus
1046 2351 1176 2420 proprie

108 2433 234 2503 dictum,
250 2438 424 2508 subJective
440 2439 625 2510 spectatum,
642 2439 690 2494 est
704 2438 838 2494 facultas
854 2439 982 2494 moralis
1003 2439 1041 2493 ad
1057 2438 1177 2506 aliquid

104 2524 375 2593 justehabendum
391 2528 442 2583 vel
455 2527 621 2596 agendum.
763 2589 765 2593 ,

142 2617 226 2672 Siout
236 2617 301 2688 jam
316 2619 414 2688 patet,
424 2618 478 2686 jus
494 2617 662 2688 respondet
681 2617 794 2680 officio,
811 2629 983 2686 corumque
999 2616 1111 2671 relatio
1127 2617 1176 2670 est

107 2703 261 2771 ejusmodi
276 2708 312 2761 ut
325 2707 489 2762 dissociari
509 2720 571 2761 non
586 2707 716 2774 possint.

143 2795 272 2850 Ratione
287 2795 364 2864 legis
380 2796 412 2850 in
428 2795 489 2862 qua
504 2795 684 2850 immediate
700 2795 862 2858 fundatur,
882 2794 936 2862 jus
956 2795 1003 2848 est
1024 2793 1177 2860 aalaralc

108 2884 156 2938 vel
166 2880 347 2955 positivam.
365 2886 419 2938 lus
439 2884 611 2954 positivum
631 2886 679 2938 cst
693 2881 838 2936 dictatam
859 2883 908 2938 vel
931 2879 1175 2937 ecclesiasticam

108 2969 185 3040 (sive
199 2973 404 3040 canonicum),
421 2973 472 3028 vel
489 2969 589 3027 civile.
611 2971 755 3042 spectata
777 2971 912 3043 persona
932 2985 1000 3039 quae
1028 2971 1107 3026 illud
1124 2971 1177 3026 ha-

109 3047 228 3129 betjos
243 3064 291 3118 est
305 3059 341 3114 in
355 3077 389 3116 re
405 3063 455 3116 vei
473 3059 514 3116 ad
529 3075 607 3125 rem,
624 3061 656 3114 id
671 3062 728 3123 est,
744 3061 827 3116 inre
843 3059 985 3129 possessa
999 3061 1049 3114 vel
1076 3061 1110 3114 ut
1126 3069 1177 3114 res

109 3146 164 3204 flat
175 3151 312 3221 propria.
327 3151 570 3219 Distinguuntur
585 3149 680 3204 etiam
693 3148 769 3216 jura
779 3147 964 3220 personalia
980 3150 1039 3217 (ex.
1058 3159 1108 3216 gr.
1125 3147 1178 3216 jus

108 3237 267 3310 advitam)
283 3241 316 3295 et
330 3240 406 3308 jnra
420 3236 522 3293 realia
543 3238 603 3308 (ex.
628 3253 674 3307 gr.
694 3239 748 3307 J‘us
772 3237 1005 3308 proprietatis);
1025 3237 1099 3305 jura
1123 3233 1180 3288 ia-

109 3327 185 3381 aata
199 3330 230 3384 et
241 3330 317 3397 jura
332 3326 496 3399 acquisita,
509 3329 568 3384 stc.

10 3465 11 3468 ,
146 3418 353 3488 Proprietatcs
384 3415 468 3484 juris
496 3419 561 3472 tres
594 3418 829 3471 numerantur:
856 3413 1014 3478 limitatio,
1045 3411 1179 3476 collisio,

109 3507 234 3562 coactio.
253 3509 283 3561 1Ο
298 3503 474 3560 Limilatio.
491 3508 669 3561 Namomne
680 3505 733 3574 jns
749 3504 883 3558 iimitem
898 3503 1003 3567 habet,
1022 3501 1092 3558 cam
1105 3500 1178 3556 iun·

10 3583 11 3602 ³
110 3592 199 3650 detur
221 3595 255 3651 in
278 3596 346 3665 lege
368 3595 474 3664 aliqua
497 3595 529 3650 et
558 3593 616 3648 hac
650 3595 716 3662 lege
738 3592 952 3648 mensuretur.
978 3592 1042 3646 Lex
1071 3591 1178 3646 autem

108 3682 334 3740 determinatur
346 3683 409 3755 fiae
425 3697 514 3752 quem
531 3683 676 3742 intendit.
701 3679 814 3736 mediis
830 3695 899 3750 quae
922 3679 996 3734 huic
1021 3678 1077 3734 tini
1104 3682 1181 3736 sunt

10 3787 11 3830 ἐ
109 3774 352 3841 proportionata,
385 3775 416 3828 ct
444 3768 703 3835 circumstantiis,
735 3785 790 3826 seu
814 3770 950 3824 aliorum
979 3768 1119 3837 juribus.
1144 3799 1179 3808 -

108 3865 142 3915 2⁰
157 3858 290 3921 Callisto.
310 3863 398 3925 Nam,
415 3860 488 3916 itaet
500 3860 552 3929 jns
577 3873 639 3915 non
661 3860 760 3931 possit
784 3873 851 3914 csse
868 3853 1046 3912 formaliter
1066 3857 1181 3912 contra
