2828 4550
332 417 510 459 6111111111.
526 431 560 444 -
575 415 624 458 uos
639 403 702 468 957,
719 403 784 467 958,
800 401 864 468 959,
880 403 944 468 960,
960 403 1024 459 961.
1169 403 1219 458 115

173 527 236 582 960.
254 525 439 586 Quomodo
453 527 663 584 intellectus
682 527 865 584 humanus
887 527 1072 600 cognoscit
1098 528 1215 600 parti-

136 616 266 672 culare
284 617 466 672 sensibile,
483 617 662 673 -Nonnisi
687 617 839 672 indirecte
861 617 1039 673 intellectus
1060 617 1215 673 humanus

138 706 334 777 particulare
344 705 491 761 sensibile
506 705 676 775 cognoscit.
692 707 780 776 Nam,
790 707 861 761 611111
877 705 1035 774 obJectum
1049 706 1214 778 proprium

136 795 173 849 et
188 793 343 850 directum
358 793 536 851 intellectis
552 793 595 850 sit
610 794 798 860 universale,
815 795 960 865 superest
977 794 1013 850 ut
1027 794 1217 865 particulare

139 883 289 938 sensibile
313 885 479 951 cognoscat
500 883 679 938 intellectus
702 883 865 949 indirecte,
891 883 1065 962 scilicetse
1080 898 1216 940 conver-

138 971 236 1028 tendo
250 972 289 1028 ad
304 970 535 1042 phantasmata.
552 972 638 1036 Quod
652 971 697 1027 sic
711 972 849 1041 explicat
861 974 889 1027 S.
905 973 959 1028 Th.
981 989 988 1025 ε
1069 1011 1071 1015 -

178 1079 343 1148 Singulere
358 1080 391 1134 in
406 1080 499 1135 rebus
524 1079 740 1136 materialibus
763 1080 942 1136 intellectus
972 1081 1079 1136 noster
1097 1081 1216 1136 directe

135 1151 174 1207 61
188 1151 293 1220 primo
308 1165 494 1218 cognoscere
514 1165 576 1206 non
590 1151 708 1220 potest.
727 1150 824 1218 quus
840 1151 921 1206 ratio
936 1153 994 1214 611,
1011 1151 1085 1219 quia
1098 1152 1219 1220 princi·

138 1221 1217 1364 litteralia?trinitaritribuentelitt·

136 1364 223 1420 ciem
251 1363 479 1432 intelligibilem
502 1363 540 1418 ab
563 1363 743 1432 hujusmodi
778 1363 920 1420 materia.
950 1364 1036 1429 Quod
1069 1365 1218 1420 autema

141 1435 280 1490 materia
294 1435 481 1492 individuali
501 1435 698 1490 abstrahitur
712 1435 760 1490 est
775 1435 962 1490 universale.
980 1435 1066 1490 Unde
1081 1435 1217 1491 intellec·

137 1508 196 1562 tus
218 1507 327 1562 noster
351 1507 467 1562 directe
484 1520 545 1562 nou
560 1508 608 1561 est
631 1505 863 1575 cognoscitivus
888 1507 948 1561 nisi
970 1507 1212 1562 universalium.

140 1577 299 1633 indirecte
319 1579 437 1642 autem,
461 1577 493 1632 et
512 1577 601 1646 quasi
616 1591 674 1648 per
697 1577 864 1646 quamdam
879 1578 1091 1642 reflexionem,
1111 1579 1217 1648 potest

137 1662 331 1718 cognoscere
356 1648 524 1716 singulare.
547 1648 634 1712 Quia,
658 1648 741 1704 sicut
759 1662 855 1719 supra
876 1648 994 1704 dictum
1011 1649 1104 1714 est...,
1121 1648 1216 1704 etiam

140 1721 310 1790 postquam
325 1719 443 1790 species
457 1719 670 1788 intelligibiles
695 1719 896 1781 abstraxerit,
912 1734 975 1774 non
989 1721 1095 1790 potest
1109 1731 1217 1774 sccun-

138 1791 217 1846 dbm
234 1804 287 1846 eas
301 1795 373 1846 actu
387 1791 573 1859 intelligere,
587 1791 647 1846 nisi
659 1791 871 1846 convertendo
886 1805 918 1846 se
933 1791 972 1846 ad
987 1790 1216 1860 phantasmata,

139 1863 175 1917 in
193 1861 308 1930 quibus
323 1862 441 1931 species
457 1861 639 1929 intelligiles
654 1861 837 1928 intelligit...
855 1863 903 1917 Sic
918 1862 1018 1930 igitur
1030 1863 1134 1933 ipsum
1151 1861 1218 1916 uni·

141 1933 269 1988 versele
285 1948 341 2002 per
355 1933 490 2058 speeiem
505 1931 736 2002 intelligibilem
751 1933 869 1988 directe
887 1933 988 1988 intelli
1012 1933 1047 1998 11,
1064 1933 1217 1989 indirecte

138 2005 253 2060 autem
275 2003 367 2072 singu
382 2003 459 2068 aria,
480 2017 613 2072 quorum
637 2005 712 2059 sunt
734 2003 964 2073 phantasmata.
1007 2005 1019 2058 t
1041 2004 1099 2060 boc
1125 2003 1216 2059 modo

140 2075 264 2131 format
278 2074 357 2129 banc
371 2075 619 2144 propositionem
634 2091 641 2127 :
658 2071 802 2129 Socrates
818 2077 863 2129 est
878 2074 968 2129 bomo
981 2075 1031 2146 (1).

182 2183 315 2252 Insuper
342 2181 631 2238 animadvertamus
651 2181 733 2250 quod
760 2182 954 2250 «singulare
979 2195 1040 2236 non
1065 2183 1222 2252 repugnat

140 2269 281 2340 intelligi
296 2269 484 2338 inquantum
505 2273 554 2325 est
573 2269 743 2338 singulare,
767 2271 820 2326 sed
845 2270 1032 2339 inquantum
1053 2271 1101 2327 est
1125 2271 1220 2326 mate-

140 2359 244 2426 riale3
276 2359 350 2427 quia
379 2359 458 2414 nibil
490 2358 682 2427 intelligitur
710 2359 771 2414 nisi
806 2358 1101 2414 immaterialiter».
1132 2359 1218 2415 Unde

136 2448 322 2504 intellectus
339 2449 445 2503 noster
470 2448 608 2518 seipsum
637 2448 816 2517 intelligere
841 2449 945 2519 potest
970 2449 1066 2504 etiam
1089 2447 1219 2512 directe,

137 2537 251 2605 aliquo
268 2537 369 2602 mode,
386 2536 459 2592 lictt
478 2538 617 2607 seipsum
633 2538 799 2606 cognoscet
814 2551 871 2607 per
887 2538 976 2592 actus
992 2551 1065 2592 suos
1081 2537 1114 2592 et
1127 2550 1221 2606 prop-

141 2627 195 2682 ter
209 2625 444 2681 conscientiam.
573 2617 575 2621 ’

178 2761 244 2814 961.
258 2758 440 2816 Quomodo
447 2759 655 2815 intellectus
664 2759 845 2816 humanus
853 2760 1014 2830 seipsum
1024 2759 1220 2830 cognoscit.

139 2848 253 2904 -Sed
268 2849 390 2919 plenius
403 2849 588 2920 explicanda
602 2850 650 2904 est
660 2849 796 2917 cognitio
810 2849 903 2916 quam
919 2850 1096 2904 intellectus
1110 2849 1218 2904 buma-

140 2937 204 2995 nus
218 2937 314 2993 habet
328 2937 365 2992 de
380 2938 493 3008 seipso.
509 2938 555 2994 Ad
565 2951 632 2994 rem
644 2939 671 2992 S.
691 2939 745 2992 Tb.
766 2954 773 2991 :
862 2980 865 2989 .

180 3045 433 3113 Unumquodque
447 3044 655 3114 cognoscibile
675 3047 722 3100 est
741 3044 911 3100 secundum
925 3045 1007 3113 qubd
1022 3046 1069 3100 est
1087 3045 1120 3098 in
1135 3045 1218 3106 actu,

140 3119 177 3173 et
191 3130 256 3171 non
272 3116 444 3170 secundum
459 3117 540 3184 quod
558 3115 651 3171 estin
667 3115 842 3186 potentia...
867 3117 916 3171 Sic
939 3116 1022 3170 enim
1038 3115 1157 3184 aliquid
1172 3115 1220 3168 611

139 3202 200 3245 6111
223 3190 257 3242 61
276 3201 388 3242 verum
413 3187 495 3254 quod
526 3188 582 3242 sub
605 3188 782 3255 cognitione
801 3186 884 3241 cadit
903 3189 999 3257 prout
1022 3187 1094 3241 actu
1108 3188 1166 3241 est.
1183 3186 1220 3239 Et

143 3259 205 3314 boc
230 3258 358 3327 quidem
383 3259 546 3313 manifeste
574 3260 704 3327 apparet
727 3258 759 3312 in
784 3258 877 3312 rebus
910 3257 1126 3322 sensibilibus;
1156 3269 1219 3310 non

140 3331 230 3386 enim
246 3330 335 3384 visus
354 3327 488 3400 percipit
511 3331 685 3384 coloratum
710 3329 743 3382 in
766 3327 917 3398 potentia.
938 3329 990 3382 sed
1013 3328 1113 3383 solnm
1136 3326 1220 3381 colo·

142 3403 253 3456 ratum
278 3401 312 3455 in
335 3403 423 3465 actu;
451 3404 483 3455 61
511 3400 660 3455 similiter
681 3399 894 3454 intellectus...
920 3398 1098 3454 Intellectus
1114 3398 1221 3453 autem

143 3473 306 3528 humanus
326 3485 359 3526 se
379 3471 472 3526 hebet
493 3470 526 3526 in
549 3485 662 3539 genere
681 3484 787 3525 rerum
807 3469 1054 3538 intelligibilium
1070 3469 1106 3524 ut
1118 3483 1173 3524 ens
1188 3469 1222 3524 in

141 3542 291 3613 potentia
304 3543 438 3604 tantum,
458 3542 541 3597 sicut
555 3543 586 3598 et
607 3542 740 3596 materia
754 3541 858 3611 prima
880 3555 912 3595 se
936 3540 1028 3595 habet
1051 3541 1084 3594 in
1108 3554 1221 3608 genere

142 3627 255 3670 rerum
271 3612 483 3677 sensibilium;
510 3613 592 3670 unde
615 3611 774 3684 possibilis
796 3611 986 3667 nominatur.
1003 3610 1052 3665 Sic
1073 3612 1173 3680 igitur
1186 3611 1219 3666 in

140 3685 203 3740 eud
215 3683 355 3741 essentia
364 3684 579 3740 consideratus
589 3697 622 3740 se
633 3683 727 3739 babet
739 3683 775 3738 ut
787 3683 929 3753 potentia
937 3682 1125 3751 intelligens.
1134 3681 1220 3738 Unde

175 3838 212 3900 (l)
232 3835 271 3896 1¹,
288 3849 316 3901 q.
332 3831 373 3891 86,
384 3849 408 3883 a.
424 3833 446 3882 l.
