2790 4546
235 381 291 438 226
718 393 832 437 aaaron

234 507 335 564 totius
349 506 427 575 legis
443 505 475 561 et
492 503 576 573 juris
597 504 752 562 naturalis
774 518 899 562 summa
920 503 1152 578 promulgetur,
1168 505 1204 561 ut
1216 505 1297 560 vide-

237 595 341 652 bimus
355 597 478 666 postea.

275 728 352 782 labi.
362 725 415 782 De
428 725 654 782 tortitudine.
667 755 701 766 —
715 726 880 783 Fortitudo
896 723 1066 797 dupliciter
1079 727 1180 796 accipi
1193 727 1297 798 potest,
1381 691 1382 694 Ἴ

238 819 274 874 ut
288 816 334 871 ait
348 817 381 871 S.
399 814 474 870 Tu:

273 924 339 978 Uno
369 920 470 984 modo,
497 919 669 978 secundum
693 919 775 989 quod
797 919 938 976 absolute
962 919 1115 990 importat
1139 913 1297 990 quamdam

238 994 336 1048 animi
357 991 551 1056 firmitatem,
574 994 606 1048 ct
620 992 792 1047 secundum
815 991 874 1046 hoc
887 991 935 1047 est
955 991 1110 1061 generalis
1126 991 1238 1056 virtue,
1253 991 1300 1048 vel

236 1065 342 1136 potius
361 1063 499 1118 conditio
523 1061 692 1130 cujuslibet
714 1061 856 1126 virtutis,
884 1061 967 1129 quia,
995 1063 1078 1118 sicut
1100 1061 1299 1134 Philosophus
1381 1113 1382 1120 ,

236 1135 364 1198 dicit...‚
381 1133 419 1188 ad
435 1133 588 1189 virtutem
611 1134 787 1203 requiritur
801 1132 938 1190 firmiter
951 1135 983 1189 et
1006 1133 1211 1190 immobiliter
1227 1149 1298 1206 ope·

235 1205 396 1262 cartallo
418 1204 507 1260 modo
523 1206 629 1275 potest
646 1205 745 1274 accipi
770 1203 925 1260 tortitudo
947 1205 1121 1261 secundum
1145 1205 1226 1274 qubd
1247 1205 1298 1260 im·
1381 1231 1382 1242 ³

235 1278 342 1349 portat
356 1275 539 1332 firmitatem
555 1276 678 1330 tantum
698 1276 731 1330 in
748 1275 940 1331 sustinendis
955 1277 987 1332 et
1005 1275 1195 1347 repellendis
1209 1277 1256 1332 his
1269 1277 1297 1330 in

236 1348 349 1416 quibus
365 1347 501 1402 maxime
516 1347 640 1402 difficile
655 1348 704 1403 est
717 1346 900 1402 firmitatem
916 1347 1042 1410 babere,
1058 1347 1181 1404 scilicet
1198 1347 1231 1402 in
1244 1347 1298 1402 ali-

235 1419 348 1488 quibus
363 1417 510 1488 periculis
526 1416 675 1493 gravibus
692 1417 743 1489 (1).
1381 1431 1382 1434 ’

270 1541 342 1597 Tria
356 1541 436 1596 vitia
454 1541 634 1597 fortitudini
648 1542 860 1612 opponuntur,
876 1555 934 1613 per
955 1541 1113 1598 delectum
1134 1543 1186 1598 val
1204 1555 1298 1598 exces-

235 1645 306 1686 sum
321 1647 328 1682 :
346 1629 441 1684 timor
464 1629 591 1693 nimius,
615 1629 803 1684 intimiditas
820 1629 852 1684 et
876 1629 1007 1686 audacia
1026 1629 1239 1686 moderatione
1252 1643 1297 1684 ca·

233 1719 432 1864 reggligifflo
447 1821 485 1862 ex
496 1808 632 1875 quatuor
646 1807 820 1863 virtutibus
839 1807 1007 1879 praecipuis
1028 1821 1202 1877 exsurgere
1217 1806 1294 1863 vide·

234 1899 307 1953 tur:
321 1911 361 1952 er
375 1894 490 1952 fiducia
499 1895 550 1950 vel
566 1895 836 1965 magnanimitate,
851 1895 1095 1966 magnificentia,
1104 1895 1258 1967 patientia
1270 1897 1297 1951 et

234 1983 472 2056 perseverantia
484 1983 533 2054 (3).

271 2110 349 2164 1208.
377 2108 429 2165 De
456 2108 711 2179 temperantia.
735 2137 770 2171 ,-
795 2108 880 2164 Siout
903 2107 1068 2175 fortitudo,
1096 2109 1297 2182 temperentia

235 2197 403 2268 dupliciter
414 2197 513 2269 accipi
532 2195 694 2269 potest:'
750 2210 754 2216 ·
889 2258 890 2262 ,

272 2305 334 2360 Uno
350 2304 441 2360 niodo
457 2303 628 2360 secundum
643 2303 902 2360 communitatem
918 2318 983 2360 suae
998 2303 1256 2373 significationis3
1271 2303 1297 2357 et

236 2375 281 2432 sic
299 2376 509 2446 temperantia
529 2388 592 2430 non
613 2375 661 2430 est
675 2375 779 2432 virtus
801 2374 956 2444 specialis,
977 2375 1031 2430 sed
1046 2374 1297 2444 generatimque
1380 2403 1381 2440 3

234 2461 348 2502 nomen
375 2446 592 2515 temperantiae
617 2445 774 2514 significat
793 2445 959 2514 quamdam
978 2447 1176 2517 temperiem,
1196 2447 1226 2503 id
1245 2446 1296 2504 est.
1380 2461 1381 2478 ¹

235 2518 482 2572 moderationem
497 2531 591 2585 quam
606 2518 689 2571 ratio
706 2516 796 2587 ponit
810 2517 844 2572 in
859 2515 1006 2572 humanis
1022 2518 1255 2586 operationibus
1270 2521 1298 2570 et

234 2587 443 2659 passionibus,
459 2588 539 2656 cuod
563 2590 612 2643 est
633 2601 797 2660 commune
811 2588 843 2641 in
866 2588 958 2643 omni.
973 2588 1096 2644 virtute
1112 2589 1254 2644 morali...
1270 2587 1296 2640 si

233 2662 310 2715 verb
321 2658 539 2714 consideratur
548 2658 795 2714 antonomastice
805 2659 1023 2727 temperantia,
1036 2661 1208 2716 secundum
1222 2656 1295 2728 quod

233 2730 374 2784 refrenat
395 2730 571 2799 appetitum
587 2730 624 2784 ab
648 2729 784 2798 hisquae
810 2729 946 2786 maxime
965 2730 1109 2786 alliciunt
1133 2731 1294 2789 hominem,

234 2801 278 2854 sic
293 2802 340 2854 est
360 2801 502 2870 specialis
522 2801 635 2866 virtus,
661 2802 770 2870 utpote
794 2800 911 2858 habens
935 2802 1102 2872 specialem
1127 2801 1295 2862 materiam,

234 2871 318 2926 sicut
331 2871 363 2926 et
378 2871 531 2926 fortitudo
553 2871 600 2942 (l).

270 2995 488 3066 Temperantia
503 2995 609 3050 autem
624 2997 772 3051 versatur
783 2995 1145 3067 circaeoncupiscentias
1160 2997 1191 3052 et
1205 2995 1296 3052 deleo.

230 3085 366 3140 tationes
384 3083 537 3139 bonorum
553 3083 750 3140 sensibilium
767 3085 971 3142 moderandae
992 3085 1040 3155 (5).

267 3174 492 3244 Temperantia
507 3173 568 3228 duo
584 3172 664 3228 vitia
682 3173 911 3229 adversantur:
934 3187 1032 3229 unum
1055 3189 1113 3246 per
1135 3173 1294 3233 deiectum,

231 3261 352 3317 scilicet
374 3259 611 3325 insensibilitas
632 3261 664 3315 et
683 3261 819 3317 alterum
843 3275 900 3332 per
918 3275 1093 3327 excessum,
1117 3261 1232 3320 scilicet
1249 3262 1293 3316 in·

228 3349 452 3420 temperantia.
478 3351 548 3403 Haec
572 3348 693 3418 puerile
716 3349 879 3420 peccatum
903 3349 942 3406 ab
961 3350 1131 3407 Aristotele
1160 3349 1293 3413 vocatur,
1379 3401 1380 3414 ,

261 3541 296 3599 (1)
310 3540 348 3598 2³,
363 3541 411 3598 20,
430 3556 455 3606 q.
472 3540 525 3599 123,
541 3555 567 3590 a.
582 3540 607 3592 2.

262 3603 298 3663 (2)
313 3602 396 3660 Icto..
412 3618 441 3668 q.
462 3602 581 3653 iss-127.

262 3663 297 3724 (3)
311 3664 394 3722 loia,
406 3680 435 3728 q.
454 3665 500 3714 128
512 3671 539 3715 et
551 3680 608 3731 seq.

262 3727 299 3786 (4)
311 3725 393 3784 ibid..
411 3741 440 3792 q.-
457 3728 513 3788 ill,
528 3742 552 3776 a.
565 3727 590 3778 2.

262 3787 297 3850 (5)
311 3789 388 3850 ibid,
404 3804 430 3854 q.
447 3789 501 3849 141,
515 3803 543 3844 a.
562 3790 578 3840 l
592 3796 619 3840 et
635 3805 692 3856 seq.
