2790 4546
250 373 353 416 carus
374 374 510 416 axxvru.
529 391 562 399 -
577 366 625 416 u⁰⁸
642 359 1073 426 1268,1269,1270,1271,1272.
1147 358 1198 417 261

127 483 211 607 guod
226 483 339 550 aliquis
354 499 430 539 voce
445 483 601 553 significet
614 485 645 540 id
661 485 743 551 quod
759 499 820 540 non
836 484 929 540 habet
942 489 974 539 in
991 484 1197 540 menteUndc

152 554 339 624 hilosophus
355 555 474 610 dicit...
493 556 575 623 quod
597 576 609 606 α
626 557 822 611 mendacium
838 556 885 611 est
899 570 955 625 per
969 571 1000 612 se
1016 570 1149 626 pravum
1165 557 1198 610 et

127 624 329 693 fugiendum:
354 641 465 681 verum
490 628 596 682 autem
620 627 669 682 est
693 626 808 682 bonum
832 628 864 682 et
892 627 1045 682 laudabile
1061 647 1086 678 a.
1109 626 1196 680 Unde

125 710 220 751 omne
234 697 429 752 mendacium
445 700 493 752 est
508 698 680 765 peccatum,
697 699 779 752 sicut
793 699 888 753 etiam
908 698 1101 767 Augustinus
1116 711 1198 753 asse·

127 767 171 822 rit
187 767 252 837 (lib.
269 769 383 824 Contra
403 769 609 832 mendacium,
626 783 696 839 cap.
717 770 737 838 1)
755 768 808 838 (l).
1125 801 1127 806 ι

163 883 291 939 Accedit
312 883 393 951 quod
412 883 609 939 mendacium
635 899 674 940 ex
708 883 823 940 natura
846 884 913 949 sud,
934 885 965 939 id
989 886 1047 946 est,
1070 900 1109 940 ex
1136 883 1196 940 tine

123 972 230 1041 operis
242 973 405 1042 (quidquid
421 973 463 1028 sit
480 973 516 1028 de
532 972 593 1028 fine
608 973 776 1044 operantis)
788 973 889 1029 tendit
903 974 933 1027 in
951 973 1195 1046 destructionem

123 1060 294 1128 societatis,
308 1062 378 1116 cbm
394 1062 462 1116 tota
476 1061 608 1116 societas
628 1061 660 1116 in
676 1060 736 1116 tide
752 1062 863 1117 mutua
874 1061 1035 1116 fundetur.

158 1150 293 1220 Propter
307 1148 431 1205 easdem
452 1150 590 1206 rationes
604 1150 806 1220 reprobandae
827 1153 903 1206 sunt
919 1151 1071 1206 mendacii
1087 1165 1195 1206 omnes

122 1237 232 1293 formae
249 1254 256 1292 :
273 1238 459 1308 hypocrisis,
475 1237 646 1302 simulatio,
664 1239 827 1308 jactantia,
844 1239 902 1294 etc.
919 1239 969 1308 (2).

159 1367 243 1426 127οξ
261 1370 433 1440 obiectio.
448 1401 482 1412 -
497 1372 610 1426 Eodem
623 1372 696 1440 jure
712 1372 743 1426 et
760 1371 866 1426 eadem
887 1373 1009 1428 ratione
1029 1373 1195 1444 prohiben·
1273 1406 1275 1423 ι

122 1460 176 1514 tur
197 1458 404 1515 homicidium
429 1461 461 1514 et
485 1461 690 1516 mendacium.
711 1461 767 1515 Sed
790 1461 992 1517 homicidium
1012 1463 1063 1517 vel
1087 1463 1194 1534 potiris
1224 1518 1228 1523 .

120 1549 234 1604 occisio
260 1549 399 1619 proximi
423 1547 492 1603 lieri
511 1550 614 1620 potest
638 1548 735 1605 licita.
766 1554 846 1620 Ergo
868 1566 887 1606 a
906 1552 975 1622 pari
996 1551 1191 1607 mendacium

121 1638 308 1706 quandoque
324 1638 372 1692 est
386 1637 518 1693 licitum.
835 1632 839 1641 '
984 1711 986 1715 Ι

154 1723 247 1797 Resp.
266 1757 300 1768 -
324 1728 407 1795 Nego
432 1727 611 1796 paritatem.
636 1729 712 1782 Nam
743 1728 947 1783 homicidium
974 1729 1106 1784 nonest
1131 1729 1192 1784 nisi

120 1815 275 1881 quatenus
292 1815 483 1884 laediturjns
499 1815 643 1884 proximi
653 1816 691 1871 ad
713 1816 832 1878 vitam;
859 1816 940 1871 unde
960 1817 1032 1871 licet
1051 1816 1191 1872 occidere

119 1903 150 1956 in
173 1903 257 1959 bello
278 1905 365 1973 justo
391 1902 441 1958 vel
467 1905 590 1972 quando
619 1905 745 1960 arcetur
775 1919 939 1974 aggressor
961 1905 1109 1974 injustus.
1134 1905 1192 1960 Sed

121 1992 318 2048 mendacium
347 1992 474 2063 proprie
499 1993 617 2048 dictum
641 1994 689 2048 est
711 2006 834 2062 semper
853 1994 1191 2061 inordinatum,eoque

120 2095 246 2151 semper
261 2080 389 2137 laeditur
404 2080 458 2148 jus
479 2081 617 2151 proximi
633 2082 671 2136 ad
687 2081 867 2137 veritatem.

155 2204 235 2262 1271.
257 2206 413 2262 Debon'o
425 2206 590 2276 exemplo
609 2212 646 2261 et
660 2205 840 2262 scandalo.
858 2237 891 2246 -
911 2207 1129 2276 Unusquisque
1136 2208 1190 2276 jus

119 2292 213 2351 habet
228 2296 265 2349 ut
280 2294 361 2349 bona
376 2294 488 2363 quibus
503 2294 586 2363 juste
599 2294 719 2350 fruitur
740 2309 802 2350 non
817 2294 981 2350 laedantur.
998 2297 1094 2350 Porro
1109 2294 1190 2350 bona

117 2382 232 2437 animae
256 2385 287 2438 ct
311 2383 487 2453 praesertim
513 2383 592 2438 bona
616 2383 745 2439 virtutis
761 2384 835 2438 sunt
850 2384 949 2438 multb
964 2382 1083 2450 majora
1095 2383 1189 2451 quam

116 2471 271 2540 corporis.
289 2472 375 2526 Unde
390 2471 577 2542 prohibetur
603 2471 783 2527 scandalum
799 2471 881 2541 quod
901 2474 948 2526 est
965 2493 977 2521 ll
994 2471 1123 2537 dictum,
1138 2472 1190 2528 vel

117 2559 237 2615 iactum
256 2560 359 2615 minus
374 2561 507 2622 rectum,
525 2560 667 2631 praebens
682 2561 874 2616 occasionem
891 2559 1013 2616 ruinae»
1029 2561 1076 2630 (3).
1093 2562 1190 2616 Scan-

115 2647 186 2704 dalo
202 2647 377 2719 opponitur
391 2649 507 2704 bonum
523 2649 701 2719 exemplum
717 2652 749 2704 et
769 2649 931 2720 speciatim
952 2649 1104 2705 correctio
1119 2649 1189 2703 ira-

118 2741 208 2792 terna
225 2737 274 2806 (lt
292 2739 363 2792 Haec
377 2739 483 2793 omnia
497 2739 597 2794 officia
613 2737 776 2809 profluunt
797 2753 835 2793 ex
858 2752 965 2794 amore
989 2738 1041 2806 qui
1057 2737 1189 2794 debetur

116 2827 265 2894 proximo
291 2826 458 2881 secundum
488 2826 587 2896 legem
617 2826 792 2882 naturalem
808 2827 840 2890 et
856 2827 991 2882 maxime
1014 2841 1053 2882 ex
1080 2841 1187 2884 amore

114 2914 220 2970 debito
237 2914 409 2969 secundum
424 2917 523 2984 legem
539 2916 693 2972 caritatis.

167 3050 249 3106 1272.
273 3047 400 3104 Officia
422 3049 670 3105 beneticentiae
695 3054 733 3104 et
754 3049 931 3106 caritatis.
952 3080 985 3091 -
1010 3053 1106 3105 Amor
1133 3049 1186 3117 qui

117 3137 264 3207 proximo
287 3137 426 3199 debetur,
447 3139 555 3208 aperte
579 3138 713 3194 includit
727 3152 788 3192 non
813 3138 915 3193 solium
931 3137 1050 3205 aliquid
1065 3137 1186 3206 negati-

116 3240 204 3290 vum,
241 3225 361 3282 scilicet
387 3227 583 3282 voluntatem
615 3241 676 3281 non
697 3225 839 3292 laedendi,
867 3227 1037 3282 sedetiam
1067 3226 1185 3294 aliquid

116 3315 300 3382 positivum,
316 3315 435 3371 scilicet
458 3315 653 3371 voluntatem
676 3314 898 3380 benefaciendi,
919 3316 1015 3387 prout
1037 3314 1185 3386 possibile

113 3407 146 3459 et
165 3403 353 3460 rationabile
372 3409 429 3460 est.
447 3405 602 3468 Attamen,
617 3405 653 3466 ut
667 3405 763 3474 patet,
784 3405 871 3460 actus
894 3402 1105 3459 beneticentiae
1133 3403 1185 3457 vel

144 3579 182 3640 (1)
193 3577 233 3634 a,
245 3543 291 3638 aa,
303 3593 329 3643 q.
341 3578 396 3636 110,
411 3595 434 3628 a.
450 3580 474 3630 a.

145 3641 182 3696 ‹a›
197 3641 278 3694 raa.
295 3656 324 3706 q.
344 3641 455 3690 rii-ua.

143 3702 181 3824 {13
194 3703 237 3821 222:
249 3704 300 3824 222:
309 3703 414 3830 (gigaat
427 3719 481 3768 seq.
