2910 4568
252 401 285 454 lt
680 413 895 456 raucuonoom

252 525 456 598 impossibile.
474 525 587 580 Saltem
611 524 681 580 idea
699 525 912 596 simplicitatis
928 525 1040 581 animae
1059 527 1108 582 est
1122 540 1206 582 mere
1221 541 1322 598 nega-

252 615 343 672 tiva:
362 615 497 686 simplex
512 614 595 671 enim
616 613 710 670 estid
725 613 807 684 quod
822 615 871 670 est
888 615 1099 680 inextensum,
1115 614 1231 686 absque
1245 633 1322 689 par·

264 703 345 760 ibus.
930 700 932 706 ’

249 706 263 762 t
284 791 377 866 Hesp.
394 793 585 848 -Animam
608 791 783 863 simplicem
805 793 973 863 imaginari
992 807 1053 848 non
1068 809 1247 864 possumus,
1263 797 1319 854 sed

247 882 454 953 concipimus,
468 881 583 952 partim
606 881 742 952 positive
762 887 794 938 et
810 883 925 952 partim
942 883 1096 951 negative.
1118 885 1319 956 concipimus

248 972 331 1028 enim
346 973 483 1026 animam
499 973 646 1039 tanquam
663 970 800 1042 primum
814 971 1006 1042 principium
1020 971 1105 1038 vitae,
1117 974 1199 1042 quod
1213 975 1321 1030 exolu-

247 1061 296 1117 dit
311 1059 475 1116 materiam
490 1062 523 1116 et
540 1059 801 1115 divisibilitatem.

284 1151 314 1206 3⁰
329 1149 510 1205 Substantia
524 1148 659 1220 simplex
683 1149 786 1204 locum
810 1164 962 1221 occupare
982 1163 1044 1207 non
1068 1151 1160 1216 valet,
1176 1165 1276 1221 neque
1302 1167 1324 1209 a

250 1238 376 1294 fortiori
403 1238 505 1294 locum
526 1238 686 1294 continere
710 1239 826 1308 potest.
846 1239 958 1294 Anima
973 1241 1049 1294 verb
1064 1238 1167 1294 locum
1187 1245 1324 1312 occupat

249 1330 282 1384 et
297 1327 446 1390 continet,
464 1326 526 1382 una
540 1340 610 1381 cum
627 1341 757 1396 corpore
771 1326 853 1396 quod
868 1327 1028 1383 informat.
1045 1330 1138 1397 Ergo.

285 1422 378 1496 Resp.
391 1455 424 1464 —
436 1424 547 1479 Anima
558 1424 658 1479 locum
673 1438 735 1478 non
747 1425 880 1495 occupat
893 1439 949 1495 per
964 1425 1110 1495 seipsam,
1120 1427 1173 1481 sed
1188 1429 1325 1499 propter

250 1527 366 1583 corpus
381 1513 463 1580 quod
478 1511 630 1568 informat
644 1515 676 1569 et
690 1513 841 1569 vivificat.
854 1513 959 1568 Solum
976 1527 1089 1585 corpus
1104 1518 1152 1570 est
1162 1515 1325 1575 divisibile

250 1605 283 1658 et
297 1601 516 1659 mensurabile.

285 1692 315 1744 4⁰
331 1691 442 1746 Anima
456 1691 559 1759 tangit
582 1705 707 1762 corpus,
728 1691 800 1746 cbm
822 1691 900 1747 illud
922 1693 1046 1748 moveat
1066 1694 1098 1748 et
1123 1693 1243 1748 moveri
1261 1709 1321 1752 na-

249 1781 344 1848 queat
362 1793 477 1850 corpus
493 1780 552 1834 nisi
568 1793 625 1850 per
641 1780 829 1835 contactum.
847 1782 943 1835 Porro
959 1782 1121 1836 contactus
1135 1782 1189 1838 ilie
1203 1784 1322 1838 exten-

250 1869 368 1924 sionem
384 1868 497 1924 animae
516 1868 678 1939 importat.

283 1963 376 2038 Hesp.
394 1996 427 2006 -
442 1966 608 2022 contactus
627 1966 691 2029 ille,
708 1967 745 2021 ut
768 1965 916 2030 diximus,
932 1980 993 2022 uon
1019 1967 1067 2022 est
1087 1970 1248 2024 contactus
1263 1983 1321 2026 ac-

250 2055 356 2122 tualis,
373 2071 428 2111 seu
443 2056 548 2126 potius
562 2053 758 2124 quantitatis,
780 2053 832 2109 sed
848 2055 896 2109 est
907 2058 1070 2111 contactus
1089 2053 1228 2122 virtutis,
1244 2072 1321 2126 qua-

249 2141 341 2200 tenus
356 2143 462 2198 anima
476 2144 530 2198 dat
546 2157 612 2198 esse
628 2141 752 2212 corpori
767 2145 799 2198 et
817 2144 866 2198 est
879 2143 1069 2214 principium
1085 2145 1224 2215 primum
1244 2161 1320 2202 om-

250 2231 338 2288 nium
355 2232 572 2303 operationum
588 2231 730 2302 corporis
742 2233 774 2286 et
788 2245 990 2302 organorum.

285 2326 318 2380 5⁰
329 2324 359 2378 Si
375 2322 481 2377 anima
499 2323 582 2377 esset
594 2321 738 2392 simplex,
755 2321 911 2388 quornodo
926 2320 1018 2377 fleret
1034 2324 1069 2377 ut
1082 2321 1151 2393 ipsa
1165 2337 1323 2393 persona-

250 2413 323 2468 litas
339 2411 502 2466 videretur
523 2410 627 2465 amitti
642 2412 699 2464 aut
714 2410 832 2464 mutari
855 2411 1040 2478 quibusdam
1057 2411 1088 2466 in
1106 2413 1222 2467 morbis
1238 2415 1322 2484 (rna-

250 2499 348 2556 ladt‘es
361 2499 399 2554 dc
413 2499 444 2553 ta
461 2499 621 2563 mamoirc,
636 2495 790 2552 maledics
805 2497 842 2552 dc
857 2499 886 2554 lc
900 2499 1136 2571 porsoanclttt).

287 2597 379 2670 Rcsp.
396 2627 429 2638 -
444 2599 510 2652 lam
522 2596 596 2651 alibi
610 2610 795 2666 responsum
819 2598 868 2652 est
887 2596 928 2667 (n.
949 2597 1023 2668 238).
1047 2598 1239 2669 Principium
1256 2601 1323 2671 pri·

252 2703 337 2744 mum
356 2686 439 2754 quod
454 2686 582 2754 cogitat,
602 2685 672 2739 vult
686 2688 717 2740 et
733 2686 781 2740 est
804 2682 854 2740 sui
875 2687 1046 2752 conscium,
1071 2702 1133 2742 non
1157 2691 1322 2746 amittitur

248 2791 348 2844 neque
372 2776 525 2839 mutatur,
546 2773 599 2829 sed
624 2773 790 2844 decipitur.
813 2777 888 2829 Nam
914 2777 1074 2844 cognoscit
1092 2777 1230 2847 seipsum
1254 2793 1320 2836 non

247 2878 305 2936 per
327 2864 495 2919 essentiam
519 2876 620 2926 suam,
643 2863 696 2918 sed
724 2877 781 2932 per
804 2863 984 2920 affectiones
1008 2877 1091 2932 suus,
1116 2879 1184 2934 quae
1207 2867 1321 2924 morbo

248 2953 476 3025 perturbantur
489 2954 546 3006 aut
560 2952 591 3006 in
607 2951 795 3006 oblivionem
811 2951 935 3008 abeunt.

283 3043 313 3100 6ο
328 3041 439 3096 Anima
452 3041 578 3097 videtur
592 3055 660 3098 esso
673 3039 840 3096 divisibilis
855 3042 955 3108 quoad
971 3041 1136 3098 facultates
1151 3057 1234 3106 suas,
1247 3057 1319 3112 uuae

249 3133 324 3186 sunt
340 3129 538 3200 multiplices,
553 3145 672 3186 necnon
688 3129 789 3198 quoad
805 3129 900 3195 vires,
913 3144 981 3198 quae
994 3145 1133 3187 crescere
1148 3133 1199 3187 vel
1215 3133 1319 3190 minui

247 3222 391 3291 possunt.

285 3315 377 3390 Resp.
395 3349 428 3358 -
444 3318 557 3387 Utique
570 3315 719 3388 potentiae
734 3331 790 3372 seu
801 3316 966 3411 facultates
981 3318 1093 3374 animae
1108 3321 1184 3375 sunt
1198 3320 1319 3391 plures,

249 3409 286 3463 ut
297 3407 383 3462 inira
396 3407 620 3476 explicabitur;
636 3406 689 3461 scd
704 3407 772 3476 ipsa
785 3406 931 3474 essentia,
944 3421 1012 3475 quae
1027 3409 1075 3463 est
1090 3409 1180 3464 radix
1195 3423 1318 3477 earum,

247 3497 297 3552 est
317 3495 462 3565 simplex.
478 3496 615 3564 Singulae
629 3496 734 3550 autem
750 3495 899 3564 potentiae
916 3510 1056 3552 crescere
1070 3501 1127 3552 aut
1142 3499 1241 3552 minui
1258 3513 1322 3555 non

248 3587 391 3655 possunt,
408 3585 462 3640 sed
482 3599 590 3639 earum
605 3583 803 3654 operationes
826 3585 902 3639 sunt
917 3584 988 3655 plus
1005 3585 1149 3643 minusve
1171 3587 1324 3657 perlectae

250 3679 382 3746 propter
396 3674 518 3729 variam
535 3672 773 3744 dispositionem
788 3686 996 3741 organorum.
