2910 4568
367 408 465 450 curor
479 407 544 448 niv.
556 423 590 432 -
604 403 654 448 ΝΜ
666 391 730 454 904,
746 389 809 452 905,
826 391 888 452 906,
905 389 971 444 907.
1173 387 1209 442 93

559 625 688 685 CAPUT
715 625 783 684 LIV

371 798 410 838 DE
429 797 615 839 VOLUNTATE
634 797 670 838 ET
690 796 804 838 LIBERO
823 797 975 838 ARBITRIO

171 957 216 1010 De
230 954 375 1024 appetitu
390 953 593 1018 intellectivo,
608 952 714 1008 sende
733 951 906 1018 voluntate,
924 951 1023 1007 multa
1039 953 1121 1009 dicta
1136 956 1211 1009 sunt

135 1045 239 1106 antea,
253 1044 325 1098 eum
343 1043 381 1096 de
392 1042 532 1112 appetitu
549 1041 700 1096 sensitivo
712 1041 869 1110 ageretur.
883 1043 993 1096 Omnes
1007 1043 1090 1096 enim
1106 1045 1210 1098 motus

135 1131 323 1204 appetitus:
345 1145 443 1194 amor,
468 1130 805 1194 odium‚'desiderium,
830 1134 900 1194 etc,
925 1131 961 1184 de
981 1131 1094 1198 quibus
1110 1132 1211 1187 disse-

134 1222 274 1285 ruimus,
290 1222 324 1275 in
345 1221 509 1275 voluntate
529 1221 624 1274 etiam
643 1220 674 1274 et
688 1219 869 1290 perfectiori
890 1220 981 1274 modo
994 1220 1210 1276 inveniuntur.

133 1311 194 1366 Sed
211 1325 295 1366 nunc
308 1309 448 1366 occurrit
463 1309 524 1364 alia
537 1309 678 1376 quaestio,
691 1308 834 1376 equidem
851 1310 1048 1376 gravissima,
1061 1311 1098 1365 de
1114 1311 1212 1366 libero

133 1399 293 1456 arbitrio:
312 1403 410 1455 Homo
427 1400 514 1454 estne
529 1398 654 1454 liberet
669 1393 846 1466 quomodo?
866 1399 931 1452 Nisi
947 1399 1039 1454 homo
1060 1401 1103 1456 sit
1122 1401 1209 1458 liber.

130 1488 203 1557 jam
219 1488 296 1542 ordo
318 1487 445 1542 moralis
460 1485 585 1541 tollitur
601 1487 655 1540 aut
670 1486 707 1539 ab
727 1485 836 1539 ordine
848 1485 976 1554 physico
988 1486 1055 1553 jam
1072 1502 1133 1542 non
1150 1490 1213 1544 dit-

135 1575 203 1632 fert
217 1577 372 1645 amplins;
390 1579 522 1644 pereunt
538 1575 643 1628 omnia
654 1575 728 1643 jura
742 1576 774 1628 et
788 1573 899 1628 officia.
916 1576 1002 1630 Unde
1016 1576 1159 1634 videmus
1174 1595 1213 1634 rx

135 1666 197 1720 hoe
213 1665 317 1735 eapite
331 1665 430 1720 totam
443 1663 577 1719 ethicam
592 1663 695 1732 aliquo
712 1663 803 1717 modo
814 1661 941 1717 fundari
957 1663 988 1716 in
999 1664 1211 1736 psychologiei.

136 1755 228 1810 Unde
244 1755 286 1810 sit
301 1753 419 1808 thesis:

149 1929 150 1932 Ἴ
175 1863 303 1916 Tnnsis.
320 1889 354 1900 -
373 1857 523 1914 Voluntas
539 1861 583 1915 est
597 1858 733 1929 sncnltos
748 1856 876 1912 omnino
895 1857 1044 1914 distincto
1059 1861 1096 1916 ab
1116 1879 1212 1937 appe-

140 1952 205 2006 tnn
233 1947 375 2004 sensibili
391 1966 402 2011 ,¹
435 1979 468 1988 -
500 1965 565 2018 quea
594 1945 710 2002 violari
738 1963 803 2001 non
829 1949 927 2020 potest
950 1980 984 1989 -
1014 1953 1043 2004 et
1072 1951 1214 2008 libertate

134 2039 273 2112 potitur.
290 2069 324 2078 —
345 2036 570 2092 Verumtamen
586 2036 713 2091 libertos
732 2036 873 2090 humano
889 2037 1062 2108 adjuvatur
1082 2045 1110 2096 et
1126 2041 1213 2097 limi-

140 2129 234 2184 tatnr
257 2125 355 2182 simul
373 2124 515 2180 omnibns
534 2124 735 2196 sacriltntihns
756 2123 888 2196 ollisque
908 2126 1019 2181 mediis
1039 2129 1147 2199 quibas
1167 2131 1216 2186 ult

140 2216 241 2272 debet.

177 2351 243 2404 907.
266 2349 463 2420 Appetittis
482 2350 652 2404 sensitivi
676 2354 714 2404 et
737 2349 941 2406 voluntatis
964 2350 1161 2428 distinctio.
1183 2385 1217 2392 -

140 2443 231 2494 Hane
248 2439 479 2494 distinctionem
494 2439 559 2507 jam
577 2438 771 2494 ostendimus
787 2438 828 2506 (n.
845 2438 919 2507 885).
936 2439 1114 2494 Voluntatis
1134 2444 1216 2494 enim

140 2543 202 2585 seu
228 2527 388 2598 appetitis
413 2527 599 2582 intellectivi
624 2527 780 2594 objectum
809 2528 857 2582 est
882 2527 997 2582 bonum
1027 2528 1216 2593 universale,

140 2617 228 2686 quod
245 2619 311 2672 solo
327 2615 489 2670 intellectu
501 2615 758 2685 apprehenditur,
776 2615 965 2684 proindeque
981 2617 1097 2671 bonum
1109 2618 1217 2673 hones·

138 2709 212 2762 tum
230 2706 263 2760 et
278 2705 384 2761 omnia
399 2719 467 2773 quae
486 2704 564 2758 iilud
579 2704 834 2770 consequentum
855 2705 1013 2774 appetitus
1029 2707 1135 2760 autem
1151 2721 1219 2762 seu·

140 2795 233 2851 sitivi
249 2793 407 2861 objectum
424 2794 471 2848 est
490 2793 604 2848 bonum
622 2792 767 2848 sensibile
783 2793 815 2847 et
834 2794 1022 2861 particulare
1045 2796 1126 2862 quod
1147 2810 1219 2850 sen-

141 2884 234 2941 sibus
254 2882 510 2952 apprehenditur.
526 2882 612 2936 Unde
637 2881 786 2936 differunt
811 2881 843 2936 hi
868 2882 929 2936 duo
954 2884 1113 2952 appetitus
1138 2886 1220 2940 sicut

143 2971 328 3026 intellectus
344 2971 376 3024 et
390 2983 509 3033 sensus,
533 2969 645 3038 quibus
665 2970 834 3024 moventur
857 2971 889 3024 et
906 2969 1141 3039 specificantur.
1160 2976 1218 3041 Ap·

145 3061 253 3133 posite
268 3060 296 3113 S.
313 3058 367 3113 Th.
382 3074 388 3111 :

183 3169 316 3221 Necesse
332 3167 380 3219 est
394 3165 496 3218 dicere
512 3165 687 3234 appetitum
706 3164 930 3219 intellectivum
959 3181 1024 3221 esse
1046 3167 1139 3220 aliam
1163 3183 1221 3236 po-

147 3237 284 3294 tentiam
311 3249 329 3289 a
353 3235 514 3290 sensitivo.
536 3236 680 3292 Potentia
708 3236 791 3289 enim
816 3237 990 3306 appetitiva
1015 3239 1063 3292 est
1081 3239 1224 3306 potentia

147 3309 285 3378 passiva,
302 3321 370 3376 quae
384 3309 459 3361 nata
483 3307 531 3360 est
553 3307 673 3360 moveri
694 3305 731 3359 ab
756 3307 975 3376 apprehenso:
997 3309 1078 3362 unde
1094 3310 1222 3378 appeti-

147 3381 209 3435 bile
224 3377 458 3448 apprehensum
475 3380 522 3432 est
537 3391 666 3432 movens
681 3392 743 3432 non
764 3379 901 3440 motum;
926 3380 1084 3449 appetitus
1104 3381 1221 3444 nutem,

148 3464 280 3506 movens
308 3451 473 3503 motum„
499 3449 627 3504 Passiva
649 3453 754 3504 autem
783 3452 813 3504 et
833 3449 959 3505 mobilia
982 3450 1224 3517 distinguuntur

147 3521 324 3578 secundum
359 3520 594 3575 distinctionem
629 3521 806 3578 activorum
840 3522 871 3576 ct
904 3522 1115 3586 motivorum;
1150 3524 1223 3589 quia

146 3594 276 3665 oportet
302 3591 457 3646 motivum
485 3606 551 3646 esse
579 3591 853 3662 proportionatum
883 3592 1000 3656 mobili,
1029 3594 1060 3646 et
1082 3593 1221 3648 activum

146 3665 291 3736 passivo;
304 3666 337 3718 et
352 3662 420 3732 ipsa
435 3663 575 3733 potentia
591 3663 717 3733 passiva
731 3664 890 3732 propriam
904 3664 1058 3718 rationem
1075 3663 1169 3718 habet
1184 3679 1222 3718 ex

148 3736 261 3791 ordine
285 3733 325 3788 ad
350 3747 443 3788 suum
467 3734 619 3789 activum.
648 3734 725 3798 Quia
753 3734 914 3802 igiturest
941 3735 1071 3788 alterius
1099 3736 1222 3801 generis

148 3805 389 3878 apprehensum
404 3819 462 3875 per
481 3805 687 3870 intellectum,
704 3807 736 3860 et
759 3805 989 3874 apprehensum
1012 3819 1068 3874 per
1083 3819 1221 3868 sensum,
