2910 4568
421 432 521 475 oaeur
535 431 621 474 xnrx.
639 445 672 460 -·
686 423 734 473 u⁰⁸
748 413 812 481 834,
828 415 892 475 835.
1157 418 1190 474 bl

132 545 219 602 tionis
241 543 368 614 oportet
391 557 457 599 esse
473 542 597 612 aliquod
615 541 700 598 aliud
715 541 922 612 principium
948 541 1019 597 oiim
1034 543 1192 614 perceptio

133 616 299 672 formarum
315 614 511 670 sensibilium
527 615 569 670 sit
584 628 623 670 ex
638 614 858 669 immutatione
872 613 1024 677 sensibili,
1039 627 1102 669 non
1123 627 1194 684 per·

133 687 227 758 ceptio
237 687 451 742 intentionum
459 684 1075 767 praedictarum...Adapprebendendum
1086 690 1193 764 autem

133 759 316 883 intentiones
329 770 409 898 (qlloe
426 771 484 827 per
499 770 624 814 sensum
649 770 711 812 non
730 757 941 828 accipruntur‚
967 755 1134 812 ordinetur
1145 769 1193 812 vta

133 843 167 884 ces
180 827 245 883 ima
260 828 313 884 ivo
343 831 354 884 l
373 867 379 880 .

163 927 192 981 40
206 923 376 980 Memoria.
388 955 422 967 -
437 926 572 981 Tandem
585 925 702 982 animal
717 938 779 980 non
793 923 894 980 solbm
906 924 1076 993 cognoscit,
1087 937 1194 996 repro·
1236 994 1239 999 ,
1325 1003 1329 1010 ἡ

133 1014 210 1071 ducit
223 1015 390 1084 etjudicat
405 1014 509 1083 aliquo
526 1013 616 1070 modo
633 1028 705 1070 sues
721 1013 924 1077 sensationes,
941 1013 995 1068 sed
1015 1013 1110 1068 etiam
1126 1027 1193 1068 sen-

132 1104 259 1160 sationes
270 1103 450 1176 praeteritas
469 1103 674 1172 recognoscit.
692 1103 770 1158 ilino
785 1099 951 1166 memorio,
976 1103 1042 1158 sine
1057 1115 1118 1171 qua
1131 1116 1193 1158 non

131 1195 206 1250 aaa
220 1193 328 1249 unitas
343 1192 377 1248 in
390 1191 459 1248 vita
472 1191 669 1248 animalium.

159 1331 220 1386 834.
237 1331 425 1390 sensuum'
441 1333 669 1390 internorum
692 1347 825 1390 munus
857 1332 896 1388 ln
918 1331 1072 1389 homine.
1093 1363 1127 1372 -
1154 1331 1196 1388 Ut

128 1423 188 1492 jam
213 1422 389 1484 innuimus,
412 1423 610 1493 operationes
633 1436 781 1480 sensuum
797 1422 994 1480 internorum
1014 1422 1046 1477 in
1068 1421 1194 1478 homine

133 1510 308 1566 subduntur
323 1510 441 1567 rationi
456 1512 545 1580 eique
563 1512 609 1568 ita
628 1512 790 1568 sociantur
811 1512 848 1566 ut
862 1509 976 1566 exinde
993 1511 1081 1578 quasi
1104 1524 1194 1566 novae

133 1597 293 1656 iacultates
310 1602 492 1670 exsurgant.
519 1601 565 1656 lta
584 1614 694 1658 sensus
709 1600 894 1662 communis,
910 1600 981 1653 cbm
997 1599 1194 1654 conscientiae

132 1688 327 1745 intellectivae
350 1689 513 1752 inserviat,
534 1688 570 1744 iit
587 1703 695 1743 sensus
718 1685 852 1742 intimus
872 1690 903 1744 et
923 1700 1033 1742 sensas
1043 1703 1192 1760 persona·

133 1773 237 1832 litatis.
266 1778 316 1832 lta
338 1777 531 1846 imaginatio,
553 1779 706 1846 quatenus
731 1777 847 1832 rationi
870 1775 985 1840 obedit,
1019 1775 1056 1831 iit
1087 1777 1192 1846 aliquo

132 1864 214 1920 modo
230 1866 370 1920 creatrix
385 1866 417 1920 et
430 1867 503 1939 epta
521 1865 560 1920 ad
575 1865 742 1934 pulchrum
762 1865 997 1936 percipiendum
1013 1866 1045 1919 et
1059 1865 1193 1920 efficien-

131 1950 209 2006 dum.
226 1955 274 2009 lta
289 1954 385 2008 etiam
401 1955 591 2010 aestimativa
601 1953 637 2009 iit
653 1951 820 2024 coyitotioc
834 1953 866 2009 et
880 1950 1190 2024 ratioporriculoris.

131 2041 259 2098 Tandem
277 2043 441 2106 memoria,
457 2043 587 2112 propter
601 2042 796 2112 adjutorium
825 2042 966 2106 rationis,
984 2040 1021 2097 flt
1040 2039 1192 2096 reminis-

131 2131 237 2184 centia.
260 2131 345 2195 Quod
361 2131 405 2186 sic
417 2132 553 2203 explicat
568 2132 596 2185 S.
613 2131 666 2186 Th.
685 2146 692 2184 ι

161 2235 425 2292 Considerandum
442 2237 489 2292 est
503 2237 609 2292 autem
624 2235 705 2304 quod
728 2235 880 2304 quantum
895 2235 933 2290 ed
957 2235 1075 2291 formas
1098 2237 1192 2292 sensi-

132 2303 202 2361 biles
225 2321 289 2362 non
316 2309 364 2362 est
388 2307 566 2362 differentia
589 2307 672 2364 inter
697 2307 854 2362 hominem
879 2307 910 2361 et
937 2307 999 2361 alia
1022 2307 1192 2371 animalia;

130 2376 270 2433 similiter
284 2379 368 2434 euim
385 2379 597 2433 immutantur
618 2391 637 2432 a
657 2377 856 2433 sensibilibus
880 2377 1112 2442 exterioribus3
1139 2379 1193 2435 sed

128 2450 273 2514 quantum
297 2449 336 2504 ed
360 2449 550 2505 intentiones
566 2449 742 2519 praedictas,
759 2449 936 2504 differentia
962 2449 1020 2502 est.
1038 2450 1114 2502 Nam
1132 2449 1195 2504 alia

129 2519 272 2574 animalia
304 2520 482 2590 percipiunt
511 2519 691 2588 huiusmodi
718 2520 907 2576 intentiones
927 2519 1027 2574 solum
1057 2520 1194 2576 naturali

128 2590 252 2656 quodam
271 2591 437 2652 instinctu,
458 2591 551 2646 homo
579 2593 684 2646 autem
708 2605 765 2661 per
788 2591 964 2668 quamdam,
977 2589 1189 2646 collationem.

128 2659 159 2714 Et
172 2660 240 2716 ideo
256 2663 373 2731 quaein
389 2662 459 2716 aliis
474 2660 663 2716 animalibus
683 2661 799 2717 dicitur
817 2660 1007 2715 oesttmatcoa
1021 2660 1193 2728 naturalis,

128 2729 157 2784 in
175 2731 302 2788 bomine
316 2733 434 2787 dicitur
448 2730 624 2804 cecitatioa.
646 2745 713 2800 quae
735 2746 792 2802 per
808 2732 1006 2787 collationem
1026 2733 1193 2800 quamdam

129 2799 305 2870 hujusmodi
333 2804 523 2859 intentiones
555 2803 727 2859 adinvenit.
744 2803 831 2858 Unde
854 2804 948 2858 etiam
969 2803 1087 2859 dicitur
1110 2806 1196 2859 ratio

125 2871 337 2941 particularis,
363 2874 414 2928 cui
438 2875 551 2930 medici
577 2875 738 2943 assignant
766 2875 1007 2929 determinatum
1028 2889 1192 2943 organum,

130 2943 242 3000 scilieet
253 2945 387 3000 mediam
397 2947 519 3014 partem
531 2946 715 3016 capitisEst
724 2945 806 3000 enim
821 2946 967 3000 collativa
981 2945 1192 3001 intentionum

128 3013 376 3079 ladimanellum,
393 3017 474 3071 siout
492 3015 574 3072 ratio
589 3014 783 3072 intellectiva
800 3017 848 3071 ost
871 3016 1033 3070 collectiva
1046 3018 1194 3072 intentio-

129 3097 197 3140 num
212 3087 451 3142 universalium.
472 3089 517 3142 Ex
539 3088 629 3158 parte
650 3087 755 3142 autem
773 3088 988 3142 memorativa
1009 3102 1071 3141 non
1089 3087 1191 3144 solum

130 3153 216 3212 babet
235 3155 436 3222 memoriam,
466 3159 549 3213 sicut
569 3159 673 3214 cetera
696 3158 854 3222 animalia,
870 3157 902 3211 in
926 3157 1032 3212 subita
1052 3160 1194 3214 recorda·

129 3225 207 3283 tione
221 3229 469 3298 praeteritorum,
494 3229 662 3285 sedetiam
685 3225 970 3295 reminiscentiam,
993 3230 1082 3297 quasi
1103 3229 1196 3298 syllo-

130 3297 232 3364 gistice
252 3299 440 3368 inquirendo
454 3300 689 3370 praeteritorum
706 3300 900 3364 memoriam,
917 3301 1087 3354 secundum
1107 3300 1195 3356 indi-

131 3367 265 3426 viduales
283 3371 520 3426 intentiones...
543 3371 579 3442 (2)

158 3501 223 3560 835.
247 3503 300 3561 De
332 3505 501 3562 sensibus
526 3505 681 3562 internis
709 3505 805 3577 apud
837 3504 1018 3561 animalia.
1040 3536 1073 3545 -
1096 3507 1145 3572 At,
1166 3508 1193 3562 si

129 3603 232 3648 sensus
255 3593 374 3650 interni
393 3594 602 3650 nobilitantur
620 3595 652 3649 in
668 3594 794 3650 bomine
811 3595 940 3664 propter
954 3595 1109 3652 rationem
1124 3610 1193 3665 quae

155 3777 187 3838 ιιι
204 3778 280 3829 reae.

156 3839 412 3907 maamaa
