<?xml version="1.0" encoding="UTF-8"?>
<!DOCTYPE html PUBLIC "-//W3C//DTD XHTML 1.0 Transitional//EN"
    "http://www.w3.org/TR/xhtml1/DTD/xhtml1-transitional.dtd">
<html xmlns="http://www.w3.org/1999/xhtml" xml:lang="en" lang="en">
 <head>
  <title>
</title>
<meta http-equiv="Content-Type" content="text/html;charset=utf-8" />
  <meta name='ocr-system' content='tesseract 3.04.00' />
  <meta name='ocr-capabilities' content='ocr_page ocr_carea ocr_par ocr_line ocrx_word'/>
</head>
<body>
  <div class='ocr_page' id='page_1' title='image "./manualephilosop00blangoog_0046.png"; bbox 0 0 2910 4568; ppageno 0'>
   <div class='ocr_carea' id='block_1_1' title="bbox 355 415 1211 484">
    <p class='ocr_par' dir='ltr' id='par_1_1' title="bbox 355 415 1211 484">
     <span class='ocr_line' id='line_1_1' title="bbox 355 415 1211 484; baseline -0.007 -9"><span class='ocrx_word' id='word_1_1' title='bbox 355 434 454 475; x_wconf 75' lang='lat' dir='ltr'>carus</span> <span class='ocrx_word' id='word_1_2' title='bbox 469 433 614 474; x_wconf 69' lang='lat' dir='ltr'>nawa·</span> <span class='ocrx_word' id='word_1_3' title='bbox 629 431 679 474; x_wconf 79' lang='lat' dir='ltr'>u⁰⁸</span> <span class='ocrx_word' id='word_1_4' title='bbox 691 420 754 483; x_wconf 77' lang='lat'>790,</span> <span class='ocrx_word' id='word_1_5' title='bbox 770 419 833 484; x_wconf 84' lang='grc'><strong>791,</strong></span> <span class='ocrx_word' id='word_1_6' title='bbox 849 420 913 482; x_wconf 79' lang='grc'><strong>792,</strong></span> <span class='ocrx_word' id='word_1_7' title='bbox 929 418 992 473; x_wconf 88' lang='grc'><strong>793.</strong></span> <span class='ocrx_word' id='word_1_8' title='bbox 1176 415 1211 469; x_wconf 80' lang='grc'>43</span> 
     </span>
    </p>
   </div>
   <div class='ocr_carea' id='block_1_2' title="bbox 128 539 1212 2746">
    <p class='ocr_par' dir='ltr' id='par_1_2' title="bbox 135 539 1212 1501">
     <span class='ocr_line' id='line_1_2' title="bbox 174 539 1211 614; baseline -0.002 -18"><span class='ocrx_word' id='word_1_9' title='bbox 174 545 206 596; x_wconf 81' lang='lat'>2⁰</span> <span class='ocrx_word' id='word_1_10' title='bbox 221 543 252 598; x_wconf 87' lang='lat' dir='ltr'>Si</span> <span class='ocrx_word' id='word_1_11' title='bbox 272 543 381 598; x_wconf 91' lang='lat' dir='ltr'>anima</span> <span class='ocrx_word' id='word_1_12' title='bbox 395 544 478 599; x_wconf 89' lang='lat' dir='ltr'>esset</span> <span class='ocrx_word' id='word_1_13' title='bbox 492 544 561 614; x_wconf 92' lang='lat' dir='ltr'>ipsa</span> <span class='ocrx_word' id='word_1_14' title='bbox 579 543 712 599; x_wconf 77' lang='lat' dir='ltr'><strong>facultas</strong></span> <span class='ocrx_word' id='word_1_15' title='bbox 735 557 790 599; x_wconf 91' lang='lat' dir='ltr'>seu</span> <span class='ocrx_word' id='word_1_16' title='bbox 805 541 957 614; x_wconf 91' lang='lat' dir='ltr'>potentia,</span> <span class='ocrx_word' id='word_1_17' title='bbox 974 541 1078 605; x_wconf 89' lang='lat' dir='ltr'>idest,</span> <span class='ocrx_word' id='word_1_18' title='bbox 1095 539 1121 595; x_wconf 91' lang='lat' dir='ltr'>si</span> <span class='ocrx_word' id='word_1_19' title='bbox 1141 540 1211 594; x_wconf 91' lang='lat' dir='ltr'>ani-</span> 
     </span>
     <span class='ocr_line' id='line_1_3' title="bbox 141 629 1209 704; baseline 0 -20"><span class='ocrx_word' id='word_1_20' title='bbox 141 645 192 685; x_wconf 89' lang='lat' dir='ltr'>ma</span> <span class='ocrx_word' id='word_1_21' title='bbox 222 632 307 688; x_wconf 89' lang='lat' dir='ltr'>esset</span> <span class='ocrx_word' id='word_1_22' title='bbox 339 632 530 704; x_wconf 86' lang='lat' dir='ltr'>principium</span> <span class='ocrx_word' id='word_1_23' title='bbox 564 631 781 688; x_wconf 91' lang='lat' dir='ltr'>immediatum</span> <span class='ocrx_word' id='word_1_24' title='bbox 811 630 1002 703; x_wconf 83' lang='lat' dir='ltr'>operationis</span> <span class='ocrx_word' id='word_1_25' title='bbox 1035 644 1108 693; x_wconf 79' lang='lat' dir='ltr'>suae,</span> <span class='ocrx_word' id='word_1_26' title='bbox 1138 629 1209 685; x_wconf 78' lang='lat' dir='ltr'>cium</span> 
     </span>
     <span class='ocr_line' id='line_1_4' title="bbox 139 719 1210 790; baseline 0 -16"><span class='ocrx_word' id='word_1_27' title='bbox 139 719 279 788; x_wconf 56' lang='lat' dir='ltr'>aliunde,</span> <span class='ocrx_word' id='word_1_28' title='bbox 297 721 404 777; x_wconf 91' lang='lat' dir='ltr'>anima</span> <span class='ocrx_word' id='word_1_29' title='bbox 425 721 467 778; x_wconf 92' lang='lat' dir='ltr'>sit</span> <span class='ocrx_word' id='word_1_30' title='bbox 492 722 581 777; x_wconf 92' lang='lat' dir='ltr'>actus</span> <span class='ocrx_word' id='word_1_31' title='bbox 605 721 832 785; x_wconf 88' lang='lat' dir='ltr'>substantialis,</span> <span class='ocrx_word' id='word_1_32' title='bbox 860 721 1046 790; x_wconf 80' lang='lat' dir='ltr'>sequeretur</span> <span class='ocrx_word' id='word_1_33' title='bbox 1073 719 1210 774; x_wconf 90' lang='lat' dir='ltr'>animam</span> 
     </span>
     <span class='ocr_line' id='line_1_5' title="bbox 141 807 1210 882; baseline -0.001 -18"><span class='ocrx_word' id='word_1_34' title='bbox 141 822 268 880; x_wconf 85' lang='lat' dir='ltr'>semper</span> <span class='ocrx_word' id='word_1_35' title='bbox 283 810 420 882; x_wconf 88' lang='lat' dir='ltr'>operari,</span> <span class='ocrx_word' id='word_1_36' title='bbox 441 807 589 881; x_wconf 84' lang='lat' dir='ltr'>cogitare,</span> <span class='ocrx_word' id='word_1_37' title='bbox 603 811 683 866; x_wconf 89' lang='lat' dir='ltr'>velle</span> <span class='ocrx_word' id='word_1_38' title='bbox 703 811 760 866; x_wconf 90' lang='lat' dir='ltr'>etc.</span> <span class='ocrx_word' id='word_1_39' title='bbox 780 813 864 866; x_wconf 86' lang='lat' dir='ltr'>Hanc</span> <span class='ocrx_word' id='word_1_40' title='bbox 879 809 1132 879; x_wconf 81' lang='lat' dir='ltr'>consequentiam</span> <span class='ocrx_word' id='word_1_41' title='bbox 1148 821 1210 864; x_wconf 90' lang='lat' dir='ltr'>nou</span> 
     </span>
     <span class='ocr_line' id='line_1_6' title="bbox 140 898 1212 970; baseline 0 -18"><span class='ocrx_word' id='word_1_42' title='bbox 140 899 381 967; x_wconf 82' lang='lat' dir='ltr'>denegaverunt</span> <span class='ocrx_word' id='word_1_43' title='bbox 408 899 470 970; x_wconf 90' lang='lat' dir='ltr'>ipsi</span> <span class='ocrx_word' id='word_1_44' title='bbox 499 900 677 964; x_wconf 78' lang='lat' dir='ltr'>cortesiani,</span> <span class='ocrx_word' id='word_1_45' title='bbox 707 900 777 954; x_wconf 77' lang='lat' dir='ltr'>ciam</span> <span class='ocrx_word' id='word_1_46' title='bbox 803 899 954 955; x_wconf 84' lang='lat' dir='ltr'>dixerunt</span> <span class='ocrx_word' id='word_1_47' title='bbox 982 898 1119 953; x_wconf 92' lang='lat' dir='ltr'>animam</span> <span class='ocrx_word' id='word_1_48' title='bbox 1144 911 1212 953; x_wconf 88' lang='lat' dir='ltr'>esse</span> 
     </span>
     <span class='ocr_line' id='line_1_7' title="bbox 138 985 1211 1059; baseline 0.001 -19"><span class='ocrx_word' id='word_1_49' title='bbox 138 987 239 1057; x_wconf 87' lang='lat' dir='ltr'>ipsam</span> <span class='ocrx_word' id='word_1_50' title='bbox 269 985 498 1059; x_wconf 63' lang='lat' dir='ltr'>cogitationem.</span> <span class='ocrx_word' id='word_1_51' title='bbox 534 988 592 1044; x_wconf 89' lang='lat' dir='ltr'>Sed</span> <span class='ocrx_word' id='word_1_52' title='bbox 614 1001 735 1053; x_wconf 86' lang='lat' dir='ltr'>revera,</span> <span class='ocrx_word' id='word_1_53' title='bbox 768 988 848 1044; x_wconf 91' lang='lat' dir='ltr'>teste</span> <span class='ocrx_word' id='word_1_54' title='bbox 878 987 1054 1058; x_wconf 84' lang='lat' dir='ltr'>pracsertim</span> <span class='ocrx_word' id='word_1_55' title='bbox 1080 985 1211 1042; x_wconf 73' lang='lat' dir='ltr'>scicntia</span> 
     </span>
     <span class='ocr_line' id='line_1_8' title="bbox 136 1075 1210 1148; baseline 0.001 -18"><span class='ocrx_word' id='word_1_56' title='bbox 136 1075 357 1146; x_wconf 78' lang='lat' dir='ltr'>physiologica</span> <span class='ocrx_word' id='word_1_57' title='bbox 375 1076 534 1146; x_wconf 71' lang='lat' dir='ltr'>hodierna,</span> <span class='ocrx_word' id='word_1_58' title='bbox 549 1077 653 1132; x_wconf 87' lang='lat' dir='ltr'>anima</span> <span class='ocrx_word' id='word_1_59' title='bbox 667 1091 728 1132; x_wconf 96' lang='lat' dir='ltr'>non</span> <span class='ocrx_word' id='word_1_60' title='bbox 744 1091 868 1148; x_wconf 89' lang='lat' dir='ltr'>semper</span> <span class='ocrx_word' id='word_1_61' title='bbox 882 1077 1008 1146; x_wconf 80' lang='lat' dir='ltr'>cogitat,</span> <span class='ocrx_word' id='word_1_62' title='bbox 1019 1089 1118 1144; x_wconf 91' lang='lat' dir='ltr'>neque</span> <span class='ocrx_word' id='word_1_63' title='bbox 1133 1090 1210 1131; x_wconf 89' lang='lat' dir='ltr'>sem·</span> 
     </span>
     <span class='ocr_line' id='line_1_9' title="bbox 135 1164 1211 1237; baseline -0.002 -17"><span class='ocrx_word' id='word_1_64' title='bbox 135 1178 195 1235; x_wconf 88' lang='lat' dir='ltr'>per</span> <span class='ocrx_word' id='word_1_65' title='bbox 210 1164 292 1228; x_wconf 83' lang='lat' dir='ltr'>vult,</span> <span class='ocrx_word' id='word_1_66' title='bbox 314 1179 414 1234; x_wconf 90' lang='lat' dir='ltr'>neque</span> <span class='ocrx_word' id='word_1_67' title='bbox 443 1181 567 1237; x_wconf 86' lang='lat' dir='ltr'>semper</span> <span class='ocrx_word' id='word_1_68' title='bbox 585 1167 633 1223; x_wconf 89' lang='lat' dir='ltr'>est</span> <span class='ocrx_word' id='word_1_69' title='bbox 656 1166 715 1221; x_wconf 89' lang='lat' dir='ltr'>sibi</span> <span class='ocrx_word' id='word_1_70' title='bbox 731 1166 864 1226; x_wconf 84' lang='lat' dir='ltr'>conscia,</span> <span class='ocrx_word' id='word_1_71' title='bbox 881 1165 933 1222; x_wconf 91' lang='lat' dir='ltr'>sed</span> <span class='ocrx_word' id='word_1_72' title='bbox 948 1165 997 1222; x_wconf 89' lang='lat' dir='ltr'>est</span> <span class='ocrx_word' id='word_1_73' title='bbox 1015 1164 1211 1221; x_wconf 87' lang='lat' dir='ltr'>solummodo</span> 
     </span>
     <span class='ocr_line' id='line_1_10' title="bbox 135 1250 1211 1325; baseline 0.001 -18"><span class='ocrx_word' id='word_1_74' title='bbox 135 1250 333 1325; x_wconf 88' lang='lat' dir='ltr'>principium</span> <span class='ocrx_word' id='word_1_75' title='bbox 350 1253 522 1310; x_wconf 89' lang='lat' dir='ltr'>mediatum</span> <span class='ocrx_word' id='word_1_76' title='bbox 538 1269 667 1311; x_wconf 88' lang='lat' dir='ltr'>suarum</span> <span class='ocrx_word' id='word_1_77' title='bbox 685 1255 912 1324; x_wconf 77' lang='lat' dir='ltr'>cogitationum</span> <span class='ocrx_word' id='word_1_78' title='bbox 932 1255 1211 1324; x_wconf 88' lang='lat' dir='ltr'>aliarumqueope-</span> 
     </span>
     <span class='ocr_line' id='line_1_11' title="bbox 136 1341 1209 1423; baseline 0.001 -27"><span class='ocrx_word' id='word_1_79' title='bbox 136 1341 316 1423; x_wconf 82' lang='lat' dir='ltr'>rationum.</span> <span class='ocrx_word' id='word_1_80' title='bbox 335 1344 412 1398; x_wconf 88' lang='lat' dir='ltr'>Sane</span> <span class='ocrx_word' id='word_1_81' title='bbox 435 1342 504 1411; x_wconf 86' lang='lat' dir='ltr'>ejus</span> <span class='ocrx_word' id='word_1_82' title='bbox 525 1343 693 1399; x_wconf 85' lang='lat' dir='ltr'>existentia</span> <span class='ocrx_word' id='word_1_83' title='bbox 714 1344 761 1400; x_wconf 88' lang='lat' dir='ltr'>est</span> <span class='ocrx_word' id='word_1_84' title='bbox 784 1345 873 1399; x_wconf 88' lang='lat' dir='ltr'>actus</span> <span class='ocrx_word' id='word_1_85' title='bbox 897 1343 1050 1406; x_wconf 87' lang='lat' dir='ltr'>essentiae,</span> <span class='ocrx_word' id='word_1_86' title='bbox 1076 1342 1209 1398; x_wconf 87' lang='lat' dir='ltr'>sednon</span> 
     </span>
     <span class='ocr_line' id='line_1_12' title="bbox 136 1431 966 1501; baseline 0 -17"><span class='ocrx_word' id='word_1_87' title='bbox 136 1431 229 1486; x_wconf 89' lang='lat' dir='ltr'>actus</span> <span class='ocrx_word' id='word_1_88' title='bbox 243 1431 403 1501; x_wconf 87' lang='lat' dir='ltr'>potentiae.</span> <span class='ocrx_word' id='word_1_89' title='bbox 419 1433 507 1488; x_wconf 92' lang='lat' dir='ltr'>Unde</span> <span class='ocrx_word' id='word_1_90' title='bbox 522 1436 549 1487; x_wconf 79' lang='lat' dir='ltr'>S·</span> <span class='ocrx_word' id='word_1_91' title='bbox 567 1432 621 1488; x_wconf 88' lang='lat' dir='ltr'>Th.</span> <span class='ocrx_word' id='word_1_92' title='bbox 638 1433 683 1488; x_wconf 86' lang='lat' dir='ltr'>sic</span> <span class='ocrx_word' id='word_1_93' title='bbox 701 1433 943 1501; x_wconf 81' lang='lat' dir='ltr'>argumentatur</span> <span class='ocrx_word' id='word_1_94' title='bbox 960 1447 966 1484; x_wconf 94' lang='lat'><strong>:</strong></span> 
     </span>
    </p>

    <p class='ocr_par' dir='ltr' id='par_1_3' title="bbox 128 1528 1211 2746">
     <span class='ocr_line' id='line_1_13' title="bbox 172 1528 1209 1610; baseline 0.001 -19"><span class='ocrx_word' id='word_1_95' title='bbox 172 1537 326 1602; x_wconf 84' lang='lat' dir='ltr'>Secundo,</span> <span class='ocrx_word' id='word_1_96' title='bbox 353 1537 410 1593; x_wconf 89' lang='lat' dir='ltr'>hoc</span> <span class='ocrx_word' id='word_1_97' title='bbox 439 1539 531 1594; x_wconf 89' lang='lat' dir='ltr'>etiam</span> <span class='ocrx_word' id='word_1_98' title='bbox 553 1539 748 1609; x_wconf 88' lang='lat' dir='ltr'>impossibile</span> <span class='ocrx_word' id='word_1_99' title='bbox 775 1540 906 1610; x_wconf 90' lang='lat' dir='ltr'>apparet</span> <span class='ocrx_word' id='word_1_100' title='bbox 929 1539 960 1593; x_wconf 89' lang='lat' dir='ltr'>in</span> <span class='ocrx_word' id='word_1_101' title='bbox 994 1537 1108 1593; x_wconf 76' lang='lat' dir='ltr'>anime.</span> <span class='ocrx_word' id='word_1_102' title='bbox 1131 1528 1209 1593; x_wconf 87' lang='lat' dir='ltr'>Nam</span> 
     </span>
     <span class='ocr_line' id='line_1_14' title="bbox 137 1609 1209 1682; baseline 0.001 -19"><span class='ocrx_word' id='word_1_103' title='bbox 137 1609 258 1668; x_wconf 83' lang='lat' dir='ltr'>anima,</span> <span class='ocrx_word' id='word_1_104' title='bbox 284 1610 454 1682; x_wconf 79' lang='lat' dir='ltr'>secundum</span> <span class='ocrx_word' id='word_1_105' title='bbox 483 1625 571 1666; x_wconf 86' lang='lat' dir='ltr'>suam</span> <span class='ocrx_word' id='word_1_106' title='bbox 599 1611 778 1674; x_wconf 86' lang='lat' dir='ltr'>essentiam,</span> <span class='ocrx_word' id='word_1_107' title='bbox 795 1613 843 1666; x_wconf 90' lang='lat' dir='ltr'>est</span> <span class='ocrx_word' id='word_1_108' title='bbox 869 1611 968 1665; x_wconf 89' lang='lat' dir='ltr'>actus.</span> <span class='ocrx_word' id='word_1_109' title='bbox 990 1611 1019 1664; x_wconf 87' lang='lat' dir='ltr'>Si</span> <span class='ocrx_word' id='word_1_110' title='bbox 1036 1623 1110 1677; x_wconf 84' lang='lat' dir='ltr'>ergo</span> <span class='ocrx_word' id='word_1_111' title='bbox 1141 1610 1209 1680; x_wconf 90' lang='lat' dir='ltr'>ipsa</span> 
     </span>
     <span class='ocr_line' id='line_1_15' title="bbox 136 1680 1207 1752; baseline 0 -18"><span class='ocrx_word' id='word_1_112' title='bbox 136 1681 279 1735; x_wconf 87' lang='lat' dir='ltr'>essentia</span> <span class='ocrx_word' id='word_1_113' title='bbox 302 1681 415 1735; x_wconf 89' lang='lat' dir='ltr'>animae</span> <span class='ocrx_word' id='word_1_114' title='bbox 438 1683 521 1737; x_wconf 89' lang='lat' dir='ltr'>esset</span> <span class='ocrx_word' id='word_1_115' title='bbox 546 1681 763 1737; x_wconf 88' lang='lat' dir='ltr'>immediatum</span> <span class='ocrx_word' id='word_1_116' title='bbox 788 1681 980 1752; x_wconf 85' lang='lat' dir='ltr'>operationis</span> <span class='ocrx_word' id='word_1_117' title='bbox 1004 1680 1207 1750; x_wconf 86' lang='lat' dir='ltr'>principium,</span> 
     </span>
     <span class='ocr_line' id='line_1_16' title="bbox 137 1750 1210 1822; baseline 0.002 -18"><span class='ocrx_word' id='word_1_118' title='bbox 137 1765 266 1820; x_wconf 87' lang='lat' dir='ltr'>semper</span> <span class='ocrx_word' id='word_1_119' title='bbox 284 1750 401 1806; x_wconf 88' lang='lat' dir='ltr'>habens</span> <span class='ocrx_word' id='word_1_120' title='bbox 411 1753 559 1819; x_wconf 88' lang='lat' dir='ltr'>animam,</span> <span class='ocrx_word' id='word_1_121' title='bbox 571 1752 780 1808; x_wconf 88' lang='lat' dir='ltr'>actuhaberet</span> <span class='ocrx_word' id='word_1_122' title='bbox 795 1767 889 1822; x_wconf 92' lang='lat' dir='ltr'>opera</span> <span class='ocrx_word' id='word_1_123' title='bbox 903 1753 987 1814; x_wconf 86' lang='lat' dir='ltr'>vitae,</span> <span class='ocrx_word' id='word_1_124' title='bbox 996 1752 1078 1806; x_wconf 90' lang='lat' dir='ltr'>sicut</span> <span class='ocrx_word' id='word_1_125' title='bbox 1086 1765 1210 1822; x_wconf 89' lang='lat' dir='ltr'>semper</span> 
     </span>
     <span class='ocr_line' id='line_1_17' title="bbox 136 1820 1211 1890; baseline 0.003 -15"><span class='ocrx_word' id='word_1_126' title='bbox 136 1820 258 1876; x_wconf 88' lang='lat' dir='ltr'>habens</span> <span class='ocrx_word' id='word_1_127' title='bbox 287 1822 424 1877; x_wconf 88' lang='lat' dir='ltr'>animam</span> <span class='ocrx_word' id='word_1_128' title='bbox 444 1826 515 1879; x_wconf 87' lang='lat' dir='ltr'>actu</span> <span class='ocrx_word' id='word_1_129' title='bbox 544 1828 593 1879; x_wconf 88' lang='lat' dir='ltr'>est</span> <span class='ocrx_word' id='word_1_130' title='bbox 620 1824 741 1878; x_wconf 88' lang='lat' dir='ltr'>vivum.</span> <span class='ocrx_word' id='word_1_131' title='bbox 758 1825 824 1878; x_wconf 93' lang='lat' dir='ltr'>Non</span> <span class='ocrx_word' id='word_1_132' title='bbox 841 1823 935 1889; x_wconf 90' lang='lat' dir='ltr'>enim,</span> <span class='ocrx_word' id='word_1_133' title='bbox 955 1824 1141 1890; x_wconf 85' lang='lat' dir='ltr'>inquantum</span> <span class='ocrx_word' id='word_1_134' title='bbox 1162 1824 1211 1878; x_wconf 91' lang='lat' dir='ltr'>est</span> 
     </span>
     <span class='ocr_line' id='line_1_18' title="bbox 136 1891 1210 1958; baseline 0.003 -12"><span class='ocrx_word' id='word_1_135' title='bbox 136 1891 255 1957; x_wconf 82' lang='lat' dir='ltr'>forma,</span> <span class='ocrx_word' id='word_1_136' title='bbox 276 1895 325 1948; x_wconf 92' lang='lat' dir='ltr'>est</span> <span class='ocrx_word' id='word_1_137' title='bbox 346 1895 434 1949; x_wconf 90' lang='lat' dir='ltr'>actus</span> <span class='ocrx_word' id='word_1_138' title='bbox 457 1893 620 1950; x_wconf 90' lang='lat' dir='ltr'>ordinatus</span> <span class='ocrx_word' id='word_1_139' title='bbox 645 1895 683 1950; x_wconf 90' lang='lat' dir='ltr'>ad</span> <span class='ocrx_word' id='word_1_140' title='bbox 706 1895 891 1950; x_wconf 88' lang='lat' dir='ltr'>ulteriorem</span> <span class='ocrx_word' id='word_1_141' title='bbox 915 1894 1059 1958; x_wconf 82' lang='lat' dir='ltr'>formam,</span> <span class='ocrx_word' id='word_1_142' title='bbox 1094 1893 1147 1948; x_wconf 88' lang='lat' dir='ltr'>sed</span> <span class='ocrx_word' id='word_1_143' title='bbox 1161 1895 1210 1949; x_wconf 90' lang='lat' dir='ltr'>est</span> 
     </span>
     <span class='ocr_line' id='line_1_19' title="bbox 135 1963 1210 2034; baseline 0.002 -16"><span class='ocrx_word' id='word_1_144' title='bbox 135 1963 272 2020; x_wconf 87' lang='lat' dir='ltr'>ultimus</span> <span class='ocrx_word' id='word_1_145' title='bbox 287 1965 443 2020; x_wconf 88' lang='lat' dir='ltr'>terminus</span> <span class='ocrx_word' id='word_1_146' title='bbox 458 1967 678 2034; x_wconf 84' lang='lat' dir='ltr'>generationis.</span> <span class='ocrx_word' id='word_1_147' title='bbox 696 1965 782 2020; x_wconf 90' lang='lat' dir='ltr'>Unde</span> <span class='ocrx_word' id='word_1_148' title='bbox 796 1966 878 2033; x_wconf 84' lang='lat' dir='ltr'>quod</span> <span class='ocrx_word' id='word_1_149' title='bbox 894 1967 936 2020; x_wconf 91' lang='lat' dir='ltr'>sit</span> <span class='ocrx_word' id='word_1_150' title='bbox 951 1965 1090 2034; x_wconf 89' lang='lat' dir='ltr'>potentia</span> <span class='ocrx_word' id='word_1_151' title='bbox 1108 1964 1210 2020; x_wconf 89' lang='lat' dir='ltr'>adhuc</span> 
     </span>
     <span class='ocr_line' id='line_1_20' title="bbox 133 2035 1210 2108; baseline 0.001 -19"><span class='ocrx_word' id='word_1_152' title='bbox 133 2035 174 2090; x_wconf 91' lang='lat' dir='ltr'>ad</span> <span class='ocrx_word' id='word_1_153' title='bbox 189 2035 288 2090; x_wconf 87' lang='lat' dir='ltr'>alium</span> <span class='ocrx_word' id='word_1_154' title='bbox 305 2037 420 2102; x_wconf 92' lang='lat' dir='ltr'>actum,</span> <span class='ocrx_word' id='word_1_155' title='bbox 438 2037 496 2092; x_wconf 89' lang='lat' dir='ltr'>hoc</span> <span class='ocrx_word' id='word_1_156' title='bbox 510 2051 572 2092; x_wconf 93' lang='lat' dir='ltr'>non</span> <span class='ocrx_word' id='word_1_157' title='bbox 596 2037 745 2108; x_wconf 89' lang='lat' dir='ltr'>competit</span> <span class='ocrx_word' id='word_1_158' title='bbox 765 2036 793 2092; x_wconf 93' lang='lat' dir='ltr'>ei</span> <span class='ocrx_word' id='word_1_159' title='bbox 817 2037 987 2092; x_wconf 81' lang='lat' dir='ltr'>secundum</span> <span class='ocrx_word' id='word_1_160' title='bbox 1003 2050 1091 2092; x_wconf 88' lang='lat' dir='ltr'>suam</span> <span class='ocrx_word' id='word_1_161' title='bbox 1109 2049 1210 2090; x_wconf 88' lang='lat' dir='ltr'>essen·</span> 
     </span>
     <span class='ocr_line' id='line_1_21' title="bbox 133 2107 1208 2176; baseline 0 -15"><span class='ocrx_word' id='word_1_162' title='bbox 133 2107 228 2171; x_wconf 83' lang='lat' dir='ltr'>tiam,</span> <span class='ocrx_word' id='word_1_163' title='bbox 245 2107 431 2175; x_wconf 91' lang='lat' dir='ltr'>inquantum</span> <span class='ocrx_word' id='word_1_164' title='bbox 451 2108 499 2162; x_wconf 90' lang='lat' dir='ltr'>est</span> <span class='ocrx_word' id='word_1_165' title='bbox 522 2107 634 2170; x_wconf 82' lang='lat' dir='ltr'>forma,</span> <span class='ocrx_word' id='word_1_166' title='bbox 652 2109 704 2163; x_wconf 91' lang='lat' dir='ltr'>sed</span> <span class='ocrx_word' id='word_1_167' title='bbox 720 2108 891 2163; x_wconf 78' lang='lat' dir='ltr'>secundum</span> <span class='ocrx_word' id='word_1_168' title='bbox 908 2122 995 2162; x_wconf 91' lang='lat' dir='ltr'>suam</span> <span class='ocrx_word' id='word_1_169' title='bbox 1016 2107 1208 2176; x_wconf 87' lang='lat' dir='ltr'>potentiam;</span> 
     </span>
     <span class='ocr_line' id='line_1_22' title="bbox 134 2178 1209 2248; baseline -0.001 -16"><span class='ocrx_word' id='word_1_170' title='bbox 134 2179 169 2232; x_wconf 92' lang='lat' dir='ltr'>et</span> <span class='ocrx_word' id='word_1_171' title='bbox 186 2178 232 2232; x_wconf 89' lang='lat' dir='ltr'>sic</span> <span class='ocrx_word' id='word_1_172' title='bbox 248 2178 315 2246; x_wconf 87' lang='lat' dir='ltr'>ipsa</span> <span class='ocrx_word' id='word_1_173' title='bbox 337 2179 451 2241; x_wconf 84' lang='lat' dir='ltr'>anima,</span> <span class='ocrx_word' id='word_1_174' title='bbox 468 2179 640 2234; x_wconf 83' lang='lat' dir='ltr'>secundum</span> <span class='ocrx_word' id='word_1_175' title='bbox 657 2179 738 2247; x_wconf 85' lang='lat' dir='ltr'>quod</span> <span class='ocrx_word' id='word_1_176' title='bbox 754 2179 861 2234; x_wconf 89' lang='lat' dir='ltr'>subest</span> <span class='ocrx_word' id='word_1_177' title='bbox 880 2193 944 2234; x_wconf 88' lang='lat' dir='ltr'>suae</span> <span class='ocrx_word' id='word_1_178' title='bbox 960 2179 1119 2248; x_wconf 85' lang='lat' dir='ltr'>potentiae,</span> <span class='ocrx_word' id='word_1_179' title='bbox 1135 2178 1209 2232; x_wconf 90' lang='lat' dir='ltr'>dici·</span> 
     </span>
     <span class='ocr_line' id='line_1_23' title="bbox 132 2249 1209 2317; baseline -0.002 -13"><span class='ocrx_word' id='word_1_180' title='bbox 132 2249 195 2304; x_wconf 91' lang='lat' dir='ltr'>tur</span> <span class='ocrx_word' id='word_1_181' title='bbox 213 2251 302 2303; x_wconf 89' lang='lat' dir='ltr'>actus</span> <span class='ocrx_word' id='word_1_182' title='bbox 327 2249 459 2317; x_wconf 86' lang='lat' dir='ltr'>primus,</span> <span class='ocrx_word' id='word_1_183' title='bbox 475 2250 640 2306; x_wconf 87' lang='lat' dir='ltr'>ordinatus</span> <span class='ocrx_word' id='word_1_184' title='bbox 655 2250 693 2305; x_wconf 91' lang='lat' dir='ltr'>ad</span> <span class='ocrx_word' id='word_1_185' title='bbox 713 2251 818 2305; x_wconf 90' lang='lat' dir='ltr'>actum</span> <span class='ocrx_word' id='word_1_186' title='bbox 837 2249 1019 2305; x_wconf 89' lang='lat' dir='ltr'>secundnm.</span> <span class='ocrx_word' id='word_1_187' title='bbox 1043 2249 1209 2304; x_wconf 87' lang='lat' dir='ltr'>invenitur</span> 
     </span>
     <span class='ocr_line' id='line_1_24' title="bbox 129 2319 1206 2389; baseline -0.003 -14"><span class='ocrx_word' id='word_1_188' title='bbox 129 2320 245 2375; x_wconf 89' lang='lat' dir='ltr'>autem</span> <span class='ocrx_word' id='word_1_189' title='bbox 262 2319 377 2375; x_wconf 89' lang='lat' dir='ltr'>habens</span> <span class='ocrx_word' id='word_1_190' title='bbox 393 2320 530 2375; x_wconf 91' lang='lat' dir='ltr'>animam</span> <span class='ocrx_word' id='word_1_191' title='bbox 547 2335 608 2376; x_wconf 94' lang='lat' dir='ltr'>non</span> <span class='ocrx_word' id='word_1_192' title='bbox 625 2335 748 2389; x_wconf 90' lang='lat' dir='ltr'>semper</span> <span class='ocrx_word' id='word_1_193' title='bbox 762 2335 828 2376; x_wconf 88' lang='lat' dir='ltr'>esse</span> <span class='ocrx_word' id='word_1_194' title='bbox 842 2321 875 2374; x_wconf 92' lang='lat' dir='ltr'>in</span> <span class='ocrx_word' id='word_1_195' title='bbox 890 2321 961 2375; x_wconf 90' lang='lat' dir='ltr'>actu</span> <span class='ocrx_word' id='word_1_196' title='bbox 977 2333 1106 2388; x_wconf 86' lang='lat' dir='ltr'>operum</span> <span class='ocrx_word' id='word_1_197' title='bbox 1123 2319 1206 2374; x_wconf 79' lang='lat' dir='ltr'>vitae,</span> 
     </span>
     <span class='ocr_line' id='line_1_25' title="bbox 129 2390 1208 2460; baseline -0.001 -14"><span class='ocrx_word' id='word_1_198' title='bbox 129 2390 226 2446; x_wconf 91' lang='lat' dir='ltr'>Unde</span> <span class='ocrx_word' id='word_1_199' title='bbox 242 2391 337 2446; x_wconf 90' lang='lat' dir='ltr'>etiam</span> <span class='ocrx_word' id='word_1_200' title='bbox 353 2391 385 2445; x_wconf 93' lang='lat' dir='ltr'>in</span> <span class='ocrx_word' id='word_1_201' title='bbox 398 2391 581 2447; x_wconf 86' lang='lat' dir='ltr'>definitione</span> <span class='ocrx_word' id='word_1_202' title='bbox 600 2393 712 2446; x_wconf 89' lang='lat' dir='ltr'>animae</span> <span class='ocrx_word' id='word_1_203' title='bbox 729 2392 855 2460; x_wconf 85' lang='lat' dir='ltr'>dicitur,</span> <span class='ocrx_word' id='word_1_204' title='bbox 871 2391 952 2458; x_wconf 85' lang='lat' dir='ltr'>quod</span> <span class='ocrx_word' id='word_1_205' title='bbox 968 2395 1016 2446; x_wconf 90' lang='lat' dir='ltr'>est</span> <span class='ocrx_word' id='word_1_206' title='bbox 1030 2391 1118 2445; x_wconf 91' lang='lat' dir='ltr'>actus</span> <span class='ocrx_word' id='word_1_207' title='bbox 1134 2405 1208 2445; x_wconf 90' lang='lat' dir='ltr'>cor-</span> 
     </span>
     <span class='ocr_line' id='line_1_26' title="bbox 128 2460 1209 2533; baseline -0.001 -17"><span class='ocrx_word' id='word_1_208' title='bbox 128 2462 224 2533; x_wconf 89' lang='lat' dir='ltr'>poris</span> <span class='ocrx_word' id='word_1_209' title='bbox 240 2462 383 2532; x_wconf 77' lang='lat' dir='ltr'>potentit</span> <span class='ocrx_word' id='word_1_210' title='bbox 396 2464 494 2518; x_wconf 87' lang='lat' dir='ltr'>vitam</span> <span class='ocrx_word' id='word_1_211' title='bbox 517 2463 670 2527; x_wconf 87' lang='lat' dir='ltr'>habentis,</span> <span class='ocrx_word' id='word_1_212' title='bbox 687 2477 755 2530; x_wconf 87' lang='lat' dir='ltr'>quae</span> <span class='ocrx_word' id='word_1_213' title='bbox 769 2465 875 2517; x_wconf 90' lang='lat' dir='ltr'>tamen</span> <span class='ocrx_word' id='word_1_214' title='bbox 890 2462 1031 2532; x_wconf 91' lang='lat' dir='ltr'>potentia</span> <span class='ocrx_word' id='word_1_215' title='bbox 1054 2475 1116 2516; x_wconf 93' lang='lat' dir='ltr'>non</span> <span class='ocrx_word' id='word_1_216' title='bbox 1131 2460 1209 2528; x_wconf 88' lang='lat' dir='ltr'>abji-</span> 
     </span>
     <span class='ocr_line' id='line_1_27' title="bbox 128 2533 1207 2603; baseline -0.002 -15"><span class='ocrx_word' id='word_1_217' title='bbox 128 2533 179 2588; x_wconf 86' lang='lat' dir='ltr'>cit</span> <span class='ocrx_word' id='word_1_218' title='bbox 201 2533 350 2590; x_wconf 84' lang='lat' dir='ltr'>animam.</span> <span class='ocrx_word' id='word_1_219' title='bbox 368 2534 567 2602; x_wconf 87' lang='lat' dir='ltr'>Relinquitur</span> <span class='ocrx_word' id='word_1_220' title='bbox 581 2548 656 2603; x_wconf 79' lang='lat' dir='ltr'>ergo</span> <span class='ocrx_word' id='word_1_221' title='bbox 682 2534 763 2601; x_wconf 84' lang='lat' dir='ltr'>quod</span> <span class='ocrx_word' id='word_1_222' title='bbox 783 2533 920 2588; x_wconf 91' lang='lat' dir='ltr'>essentia</span> <span class='ocrx_word' id='word_1_223' title='bbox 944 2533 1056 2588; x_wconf 88' lang='lat' dir='ltr'>animae</span> <span class='ocrx_word' id='word_1_224' title='bbox 1082 2545 1144 2587; x_wconf 90' lang='lat' dir='ltr'>non</span> <span class='ocrx_word' id='word_1_225' title='bbox 1160 2533 1207 2586; x_wconf 88' lang='lat' dir='ltr'>est</span> 
     </span>
     <span class='ocr_line' id='line_1_28' title="bbox 129 2602 1207 2674; baseline -0.001 -16"><span class='ocrx_word' id='word_1_226' title='bbox 129 2603 207 2671; x_wconf 80' lang='lat' dir='ltr'>ejus</span> <span class='ocrx_word' id='word_1_227' title='bbox 222 2605 381 2674; x_wconf 89' lang='lat' dir='ltr'>potentia;</span> <span class='ocrx_word' id='word_1_228' title='bbox 403 2605 483 2660; x_wconf 92' lang='lat' dir='ltr'>nihil</span> <span class='ocrx_word' id='word_1_229' title='bbox 507 2605 590 2660; x_wconf 88' lang='lat' dir='ltr'>enim</span> <span class='ocrx_word' id='word_1_230' title='bbox 615 2606 664 2661; x_wconf 88' lang='lat' dir='ltr'>est</span> <span class='ocrx_word' id='word_1_231' title='bbox 685 2605 718 2659; x_wconf 93' lang='lat' dir='ltr'>in</span> <span class='ocrx_word' id='word_1_232' title='bbox 738 2602 879 2674; x_wconf 78' lang='lat' dir='ltr'>potentia</span> <span class='ocrx_word' id='word_1_233' title='bbox 898 2604 1069 2660; x_wconf 82' lang='lat' dir='ltr'>secundum</span> <span class='ocrx_word' id='word_1_234' title='bbox 1090 2605 1207 2666; x_wconf 88' lang='lat' dir='ltr'>actum,</span> 
     </span>
     <span class='ocr_line' id='line_1_29' title="bbox 129 2676 560 2746; baseline 0 -18"><span class='ocrx_word' id='word_1_235' title='bbox 129 2677 326 2742; x_wconf 85' lang='lat' dir='ltr'>inquantum</span> <span class='ocrx_word' id='word_1_236' title='bbox 343 2676 391 2732; x_wconf 89' lang='lat' dir='ltr'>cst</span> <span class='ocrx_word' id='word_1_237' title='bbox 404 2679 493 2732; x_wconf 87' lang='lat' dir='ltr'>actus</span> <span class='ocrx_word' id='word_1_238' title='bbox 510 2677 560 2746; x_wconf 81' lang='lat' dir='ltr'><strong>(l).</strong></span> 
     </span>
    </p>
   </div>
   <div class='ocr_carea' id='block_1_3' title="bbox 132 2789 1210 2949">
    <p class='ocr_par' dir='ltr' id='par_1_4' title="bbox 132 2789 1210 2949">
     <span class='ocr_line' id='line_1_30' title="bbox 175 2789 1209 2862; baseline 0.005 -22"><span class='ocrx_word' id='word_1_239' title='bbox 175 2789 207 2840; x_wconf 83' lang='grc' dir='ltr'>3ο</span> <span class='ocrx_word' id='word_1_240' title='bbox 238 2790 327 2845; x_wconf 90' lang='lat' dir='ltr'>Teste</span> <span class='ocrx_word' id='word_1_241' title='bbox 356 2791 553 2862; x_wconf 78' lang='lat' dir='ltr'>experientiis</span> <span class='ocrx_word' id='word_1_242' title='bbox 579 2791 714 2858; x_wconf 79' lang='lat' dir='ltr'>interna,</span> <span class='ocrx_word' id='word_1_243' title='bbox 742 2791 891 2862; x_wconf 86' lang='lat' dir='ltr'>potentiae</span> <span class='ocrx_word' id='word_1_244' title='bbox 917 2789 1029 2846; x_wconf 86' lang='lat' dir='ltr'>animae</span> <span class='ocrx_word' id='word_1_245' title='bbox 1055 2790 1209 2860; x_wconf 88' lang='lat' dir='ltr'>ejusmodi</span> 
     </span>
     <span class='ocr_line' id='line_1_31' title="bbox 132 2879 1210 2949; baseline -0.002 -15"><span class='ocrx_word' id='word_1_246' title='bbox 132 2879 215 2934; x_wconf 89' lang='lat' dir='ltr'>sunt</span> <span class='ocrx_word' id='word_1_247' title='bbox 231 2879 267 2934; x_wconf 92' lang='lat' dir='ltr'>ut</span> <span class='ocrx_word' id='word_1_248' title='bbox 288 2893 352 2934; x_wconf 92' lang='lat' dir='ltr'>una</span> <span class='ocrx_word' id='word_1_249' title='bbox 375 2879 466 2936; x_wconf 90' lang='lat' dir='ltr'>alteri</span> <span class='ocrx_word' id='word_1_250' title='bbox 487 2881 686 2948; x_wconf 89' lang='lat' dir='ltr'>subjiciatur,</span> <span class='ocrx_word' id='word_1_251' title='bbox 711 2894 773 2936; x_wconf 92' lang='lat' dir='ltr'>una</span> <span class='ocrx_word' id='word_1_252' title='bbox 797 2881 835 2935; x_wconf 89' lang='lat' dir='ltr'>ab</span> <span class='ocrx_word' id='word_1_253' title='bbox 867 2879 968 2936; x_wconf 77' lang='lat' dir='ltr'>altere</span> <span class='ocrx_word' id='word_1_254' title='bbox 986 2879 1127 2949; x_wconf 87' lang='lat' dir='ltr'>pendeat,</span> <span class='ocrx_word' id='word_1_255' title='bbox 1146 2879 1210 2933; x_wconf 83' lang='lat' dir='ltr'>imo</span> 
     </span>
    </p>
   </div>
   <div class='ocr_carea' id='block_1_4' title="bbox 133 2967 1209 3130">
    <p class='ocr_par' dir='ltr' id='par_1_5' title="bbox 133 2967 1209 3130">
     <span class='ocr_line' id='line_1_32' title="bbox 135 2967 1209 3039; baseline -0.001 -15"><span class='ocrx_word' id='word_1_256' title='bbox 135 2981 289 3024; x_wconf 91' lang='lat' dir='ltr'>unacum</span> <span class='ocrx_word' id='word_1_257' title='bbox 306 2967 406 3024; x_wconf 77' lang='lat' dir='ltr'>altera</span> <span class='ocrx_word' id='word_1_258' title='bbox 421 2969 620 3026; x_wconf 85' lang='lat' dir='ltr'>colluctetur.</span> <span class='ocrx_word' id='word_1_259' title='bbox 631 2969 687 3026; x_wconf 91' lang='lat' dir='ltr'>Sed</span> <span class='ocrx_word' id='word_1_260' title='bbox 703 2970 762 3025; x_wconf 91' lang='lat' dir='ltr'>hoc</span> <span class='ocrx_word' id='word_1_261' title='bbox 774 2968 843 3025; x_wconf 85' lang='lat' dir='ltr'>fleri</span> <span class='ocrx_word' id='word_1_262' title='bbox 858 2983 920 3024; x_wconf 93' lang='lat' dir='ltr'>non</span> <span class='ocrx_word' id='word_1_263' title='bbox 935 2969 1051 3039; x_wconf 89' lang='lat' dir='ltr'>posset,</span> <span class='ocrx_word' id='word_1_264' title='bbox 1063 2969 1089 3023; x_wconf 87' lang='lat' dir='ltr'>si</span> <span class='ocrx_word' id='word_1_265' title='bbox 1100 2970 1209 3039; x_wconf 89' lang='lat' dir='ltr'>poten-</span> 
     </span>
     <span class='ocr_line' id='line_1_33' title="bbox 133 3057 754 3130; baseline -0.006 -16"><span class='ocrx_word' id='word_1_266' title='bbox 133 3059 193 3114; x_wconf 87' lang='lat' dir='ltr'>tiae</span> <span class='ocrx_word' id='word_1_267' title='bbox 208 3059 314 3114; x_wconf 91' lang='lat' dir='ltr'>essent</span> <span class='ocrx_word' id='word_1_268' title='bbox 332 3057 466 3130; x_wconf 90' lang='lat' dir='ltr'>ipsamct</span> <span class='ocrx_word' id='word_1_269' title='bbox 480 3059 617 3114; x_wconf 88' lang='lat' dir='ltr'>essentia</span> <span class='ocrx_word' id='word_1_270' title='bbox 631 3059 754 3114; x_wconf 86' lang='lat' dir='ltr'>animae.</span> 
     </span>
    </p>
   </div>
   <div class='ocr_carea' id='block_1_5' title="bbox 130 3153 1209 3406">
    <p class='ocr_par' dir='ltr' id='par_1_6' title="bbox 130 3153 1209 3406">
     <span class='ocr_line' id='line_1_34' title="bbox 176 3153 1209 3226; baseline 0.002 -18"><span class='ocrx_word' id='word_1_271' title='bbox 176 3154 207 3208; x_wconf 78' lang='lat'>40</span> <span class='ocrx_word' id='word_1_272' title='bbox 222 3153 435 3211; x_wconf 82' lang='lat' dir='ltr'>confirmatur</span> <span class='ocrx_word' id='word_1_273' title='bbox 462 3156 622 3211; x_wconf 91' lang='lat' dir='ltr'>communi</span> <span class='ocrx_word' id='word_1_274' title='bbox 647 3171 707 3212; x_wconf 91' lang='lat' dir='ltr'>usu</span> <span class='ocrx_word' id='word_1_275' title='bbox 730 3155 875 3225; x_wconf 89' lang='lat' dir='ltr'>loquendi</span> <span class='ocrx_word' id='word_1_276' title='bbox 904 3170 939 3211; x_wconf 90' lang='lat' dir='ltr'>ac</span> <span class='ocrx_word' id='word_1_277' title='bbox 962 3155 1092 3226; x_wconf 88' lang='lat' dir='ltr'>proinde</span> <span class='ocrx_word' id='word_1_278' title='bbox 1116 3168 1209 3210; x_wconf 91' lang='lat' dir='ltr'>sensu</span> 
     </span>
     <span class='ocr_line' id='line_1_35' title="bbox 131 3243 1205 3314; baseline -0.004 -13"><span class='ocrx_word' id='word_1_279' title='bbox 131 3244 308 3301; x_wconf 90' lang='lat' dir='ltr'>communi.</span> <span class='ocrx_word' id='word_1_280' title='bbox 326 3245 437 3300; x_wconf 90' lang='lat' dir='ltr'>Omnes</span> <span class='ocrx_word' id='word_1_281' title='bbox 452 3246 534 3300; x_wconf 93' lang='lat' dir='ltr'>cnim</span> <span class='ocrx_word' id='word_1_282' title='bbox 550 3245 692 3301; x_wconf 90' lang='lat' dir='ltr'>homines</span> <span class='ocrx_word' id='word_1_283' title='bbox 708 3245 883 3314; x_wconf 91' lang='lat' dir='ltr'>loquuntur</span> <span class='ocrx_word' id='word_1_284' title='bbox 896 3245 933 3300; x_wconf 94' lang='lat' dir='ltr'>de</span> <span class='ocrx_word' id='word_1_285' title='bbox 946 3243 1053 3301; x_wconf 73' lang='lat' dir='ltr'>animai</span> <span class='ocrx_word' id='word_1_286' title='bbox 1074 3244 1205 3313; x_wconf 89' lang='lat' dir='ltr'>ejusque</span> 
     </span>
     <span class='ocr_line' id='line_1_36' title="bbox 130 3333 798 3406; baseline -0.004 -16"><span class='ocrx_word' id='word_1_287' title='bbox 130 3333 289 3406; x_wconf 89' lang='lat' dir='ltr'>potentiis</span> <span class='ocrx_word' id='word_1_288' title='bbox 303 3333 452 3402; x_wconf 86' lang='lat' dir='ltr'>tanquam</span> <span class='ocrx_word' id='word_1_289' title='bbox 469 3333 505 3389; x_wconf 89' lang='lat' dir='ltr'>de</span> <span class='ocrx_word' id='word_1_290' title='bbox 523 3333 615 3388; x_wconf 87' lang='lat' dir='ltr'>rebus</span> <span class='ocrx_word' id='word_1_291' title='bbox 631 3333 798 3390; x_wconf 88' lang='lat' dir='ltr'>distinctis.</span> 
     </span>
    </p>
   </div>
   <div class='ocr_carea' id='block_1_6' title="bbox 131 3475 1208 3721">
    <p class='ocr_par' dir='ltr' id='par_1_7' title="bbox 131 3475 1208 3721">
     <span class='ocr_line' id='line_1_37' title="bbox 172 3475 1205 3546; baseline 0.001 -17"><span class='ocrx_word' id='word_1_292' title='bbox 172 3475 237 3533; x_wconf 88' lang='grc'><strong>793.</strong></span> <span class='ocrx_word' id='word_1_293' title='bbox 255 3476 307 3532; x_wconf 87' lang='lat' dir='ltr'>De</span> <span class='ocrx_word' id='word_1_294' title='bbox 322 3475 440 3546; x_wconf 75' lang='lat' dir='ltr'>qradu</span> <span class='ocrx_word' id='word_1_295' title='bbox 455 3475 563 3546; x_wconf 85' lang='lat' dir='ltr'>huius</span> <span class='ocrx_word' id='word_1_296' title='bbox 577 3475 831 3532; x_wconf 83' lang='lat' dir='ltr'>distinctionis.</span> <span class='ocrx_word' id='word_1_297' title='bbox 843 3507 876 3515; x_wconf 93' lang='lat'>-</span> <span class='ocrx_word' id='word_1_298' title='bbox 896 3476 1024 3531; x_wconf 84' lang='lat' dir='ltr'>Difficile</span> <span class='ocrx_word' id='word_1_299' title='bbox 1039 3477 1086 3530; x_wconf 89' lang='lat' dir='ltr'>est</span> <span class='ocrx_word' id='word_1_300' title='bbox 1101 3477 1205 3530; x_wconf 88' lang='lat' dir='ltr'>autem</span> 
     </span>
     <span class='ocr_line' id='line_1_38' title="bbox 132 3564 1208 3635; baseline -0.004 -13"><span class='ocrx_word' id='word_1_301' title='bbox 132 3565 349 3622; x_wconf 88' lang='lat' dir='ltr'>determinare</span> <span class='ocrx_word' id='word_1_302' title='bbox 363 3564 496 3633; x_wconf 77' lang='lat' dir='ltr'>gradum</span> <span class='ocrx_word' id='word_1_303' title='bbox 517 3564 611 3634; x_wconf 88' lang='lat' dir='ltr'>hujus</span> <span class='ocrx_word' id='word_1_304' title='bbox 622 3565 844 3630; x_wconf 87' lang='lat' dir='ltr'>distinctionis,</span> <span class='ocrx_word' id='word_1_305' title='bbox 857 3579 968 3635; x_wconf 89' lang='lat' dir='ltr'>nempe</span> <span class='ocrx_word' id='word_1_306' title='bbox 984 3565 1090 3620; x_wconf 78' lang='lat' dir='ltr'>utrum</span> <span class='ocrx_word' id='word_1_307' title='bbox 1104 3566 1208 3634; x_wconf 85' lang='lat' dir='ltr'>poten·</span> 
     </span>
     <span class='ocr_line' id='line_1_39' title="bbox 131 3653 1208 3721; baseline -0.002 -11"><span class='ocrx_word' id='word_1_308' title='bbox 131 3655 188 3711; x_wconf 86' lang='lat' dir='ltr'>tiae</span> <span class='ocrx_word' id='word_1_309' title='bbox 210 3655 326 3710; x_wconf 86' lang='lat' dir='ltr'>animae</span> <span class='ocrx_word' id='word_1_310' title='bbox 342 3653 489 3709; x_wconf 82' lang='lat' dir='ltr'>differant</span> <span class='ocrx_word' id='word_1_311' title='bbox 511 3654 548 3709; x_wconf 89' lang='lat' dir='ltr'>ab</span> <span class='ocrx_word' id='word_1_312' title='bbox 564 3653 699 3710; x_wconf 77' lang='lat' dir='ltr'>essentiis</span> <span class='ocrx_word' id='word_1_313' title='bbox 717 3653 828 3709; x_wconf 85' lang='lat' dir='ltr'>animae</span> <span class='ocrx_word' id='word_1_314' title='bbox 843 3655 991 3721; x_wconf 88' lang='lat' dir='ltr'>tanquam</span> <span class='ocrx_word' id='word_1_315' title='bbox 1007 3667 1056 3708; x_wconf 87' lang='lat' dir='ltr'>res</span> <span class='ocrx_word' id='word_1_316' title='bbox 1071 3667 1088 3708; x_wconf 89' lang='lat' dir='ltr'>a</span> <span class='ocrx_word' id='word_1_317' title='bbox 1103 3667 1147 3718; x_wconf 86' lang='lat' dir='ltr'>rc,</span> <span class='ocrx_word' id='word_1_318' title='bbox 1169 3668 1208 3708; x_wconf 89' lang='lat' dir='ltr'>an</span> 
     </span>
    </p>
   </div>
   <div class='ocr_carea' id='block_1_7' title="bbox 163 3849 286 3910">
    <p class='ocr_par' dir='ltr' id='par_1_8' title="bbox 163 3849 286 3910">
     <span class='ocr_line' id='line_1_40' title="bbox 163 3849 286 3910; baseline 0 -13"><span class='ocrx_word' id='word_1_319' title='bbox 163 3849 198 3910; x_wconf 81' lang='lat'>(1)</span> <span class='ocrx_word' id='word_1_320' title='bbox 213 3849 286 3898; x_wconf 71' lang='lat' dir='ltr'>raia</span> 
     </span>
    </p>
   </div>
   <div class='ocr_carea' id='block_1_8' title="bbox 0 0 1460 4568">
    <p class='ocr_par' dir='ltr' id='par_1_9' title="bbox 0 0 1460 4568">
     <span class='ocr_line' id='line_1_41' title="bbox 0 0 1460 4568; baseline 0 1"><span class='ocrx_word' id='word_1_321' title='bbox 0 0 1460 4568; x_wconf 95' lang='lat' dir='ltr'> </span> 
     </span>
    </p>
   </div>
  </div>
 </body>
</html>
