2828 4550
221 419 1017 486 curornvn.-aos971,972‚973‚974,975,9ro‚977.
1104 419 1153 476 123

104 541 238 608 externae,
253 543 428 600 habituales
443 544 494 600 vel
509 546 657 609 actuales,
673 544 794 601 scilicet
809 545 1052 616 :impressiones
1067 559 1155 614 orga-

103 631 169 688 nicae
193 633 223 688 et
241 633 412 698 memoriae,
435 633 572 702 habitus,
592 634 819 692 sollicitudines
837 634 946 699 animi,
966 635 1050 698 aetas,
1072 647 1153 690 com-

102 721 193 790 plexio
224 722 375 793 corporis,
406 722 543 788 morbus,
575 724 743 794 passiones,
768 723 937 793 temperies
969 723 1061 787 aeris,
1094 725 1152 778 etc.

104 811 154 866 Nec
173 811 351 867 omittendae
372 812 446 868 sunt
468 826 570 868 causae
590 812 868 884 praeternaturales
891 812 942 867 vel
964 811 1154 882 supernatu-

101 899 182 957 rales.
1007 915 1010 920 ·

131 1032 185 1088 973.
201 1033 253 1089 De
271 1034 602 1090 somnambuiismo.
620 1066 653 1073 -
672 1037 785 1090 Somno
809 1034 911 1090 affinis
931 1034 979 1090 est
1001 1047 1156 1088 somnam·

106 1120 254 1184 bulismus,
270 1123 380 1192 inquo
396 1123 491 1192 aliqui
506 1137 615 1178 sensus
633 1124 829 1180 solummodo
846 1124 985 1194 ligantur
998 1122 1049 1178 vel
1060 1123 1157 1193 impe-

104 1209 229 1276 diuntur,
246 1212 320 1266 dum
342 1212 438 1268 ceteri
452 1218 527 1268 sunt
550 1213 651 1278 liberi,
667 1212 723 1266 aut
745 1212 840 1268 etiam
863 1212 1003 1268 evadunt
1021 1211 1156 1266 maxime

104 1301 296 1370 perspicaces,
315 1303 352 1356 ut
366 1315 447 1372 saepe
461 1302 634 1370 contingit;
661 1301 809 1370 undequi
825 1301 857 1356 in
878 1300 1157 1358 somnambulismo

105 1391 260 1444 versantur
278 1390 360 1444 mira
375 1391 499 1460 operari
514 1391 676 1446 videntur.
1041 1402 1045 1412 ’

19 1495 21 1502 ’
136 1488 248 1557 Duplex
274 1487 452 1558 praesertim
487 1487 696 1558 distinguitur
719 1489 1046 1545 somnambulismus:
1075 1489 1157 1544 alius

104 1577 281 1646 spontaneos
306 1577 337 1631 et
353 1577 435 1632 alius
451 1575 641 1649 artificialis,
660 1578 713 1646 qui
729 1579 766 1634 ad
782 1578 947 1648 hypnosim
963 1577 1014 1633 vel
1029 1591 1160 1646 magne-

105 1663 219 1720 tismum
237 1667 421 1721 revocatur.

19 1823 20 1830 ¹
132 1809 188 1864 974.
203 1811 257 1866 De
277 1809 523 1865 alucinatione
544 1813 583 1865 et
604 1809 851 1866 inanimatione.
868 1841 901 1850 -
916 1809 1102 1875 Alucinatio,
1119 1811 1157 1866 de

19 1933 21 1938 ·
107 1897 158 1964 qua
171 1899 241 1953 alibi
258 1899 301 1967 (n.
321 1897 384 1967 846)
404 1898 595 1963 dictumest,
616 1899 931 1955 somnambulismum
946 1900 1159 1968 consequitur,

110 1987 153 2042 sed
171 1987 262 2043 etiam
287 1988 379 2042 extra
403 1987 716 2043 somnambulismum
732 1988 869 2051 obvenit,
895 1988 1015 2044 scilicet
1029 1988 1061 2043 in
1076 1989 1161 2044 statu

107 2075 226 2144 uigiliam
243 2077 436 2133 describitur
450 2077 539 2144 quasi
555 2077 712 2132 somnium
727 2077 899 2146 vigilantis.

19 2181 21 2234 ζ
135 2174 394 2238 Quemadmodum
421 2173 592 2230 alucinatio
616 2175 721 2230 oritur
747 2190 786 2230 ex
812 2175 950 2230 maxime
971 2175 1159 2231 excitatione

19 2253 21 2282 ²
107 2262 226 2334 alicujus
254 2265 376 2327 sensus,
399 2265 445 2319 ita
470 2265 502 2319 et
526 2263 700 2326 fascinatio,
725 2264 787 2332 qui
807 2265 844 2319 lit
871 2266 907 2320 ut
929 2279 992 2320 una
1025 2265 1161 2320 sensatio

110 2365 204 2410 omnes
219 2353 297 2410 alias
317 2354 468 2423 impediat
487 2354 635 2409 ettotam
655 2355 720 2408 vim
741 2353 873 2423 subJecti
895 2353 1070 2409 absorbeat.
1092 2355 1162 2408 Haec

107 2442 311 2511 phaenomena,
326 2455 394 2510 quae
412 2457 470 2514 per
484 2457 516 2498 se
529 2443 679 2498 videntur
693 2443 860 2506 naturalia,
876 2443 930 2498 sed
944 2443 1078 2513 possunt
1094 2457 1161 2498 esse

19 2559 20 2582 2
109 2532 373 2599 praeternaturalia
399 2545 457 2602 per
481 2531 633 2595 accidens,
654 2532 686 2585 in
710 2531 780 2586 aliis
806 2530 1019 2601 phoenomenis
1044 2531 1162 2601 bypno·

19 2623 21 2668 1
107 2619 183 2676 tismi
197 2624 228 2678 et
243 2620 445 2690 magnetismi
460 2621 681 2676 numerantur.

135 2763 192 2822 975.
208 2766 261 2821 De
276 2764 443 2836 hypnosi.
460 2794 494 2802 -
508 2763 662 2832 Hypnosis
677 2764 725 2819 est
739 2763 828 2832 quasi
842 2776 971 2818 somnus
989 2761 1162 2818 artificialis

19 2853 20 2930 ξ
108 2851 143 2920 iv.
157 2869 185 2908 n.
201 2855 254 2912 642
269 2855 300 2910 et
321 2853 397 2922 seq.)
411 2853 465 2922 qui
487 2853 586 2908 variis
606 2853 706 2908 modis
720 2851 926 2922 {producitun
943 2866 1003 2907 non
1024 2851 1163 2920 exceptis

19 3213 21 3290 Ι

19 3291 21 3356 l

108 2943 206 2999 mediis
221 2943 420 3012 magneticis3
444 2941 526 2996 unde
541 2941 760 3012 hypnotismus
776 2956 794 2995 a
809 2941 1015 3008 magnetismo
1036 2940 1163 2995 differre

107 3045 160 3088 non
175 3034 312 3090 videtur.

136 3169 194 3224 976.
210 3166 397 3238 Hypnosis
414 3164 530 3220 variae
547 3164 683 3221 iormae.
701 3193 734 3204 -
755 3164 909 3234 Hypnosis
924 3164 956 3218 ot
970 3161 1164 3232 hypnotismi

111 3256 167 3312 tres
187 3257 295 3313 formae
320 3255 487 3326 praecipuae
507 3253 770 3322 distinguuntur:
796 3250 960 3323 lethurpa'u,
981 3248 1162 3322 cotulepsa‘a,

110 3341 399 3400 somuombulismus
414 3340 546 3397 lucidus.
564 3341 621 3396 Sed
636 3343 721 3398 inter
739 3342 844 3396 omnia
864 3341 1069 3412 phaenomena
1089 3338 1165 3409 hyp-

112 3434 207 3490 notioa
224 3433 341 3490 eminet
355 3429 516 3504 suppeste'o.

141 3575 204 3631 977.
226 3576 279 3632 De
297 3573 541 3644 squestione.
562 3574 708 3629 -Juxta
731 3572 838 3642 plures
859 3569 1057 3640 (bornheim),
1079 3571 1165 3628 totus

19 3649 20 3726 J
115 3662 325 3735 hypnotismns
336 3664 374 3719 ad
388 3664 617 3732 suggestionem
634 3661 810 3723 revocatur,
822 3660 884 3730 qua
897 3659 934 3715 flt
948 3659 1051 3716 utillo
1066 3662 1120 3730 qui
1135 3663 1168 3717 in

19 3751 21 3832 l
116 3749 240 3824 hypnosi
255 3754 403 3810 versatur
416 3752 562 3808 omnibus
577 3750 783 3806 volitionibus
798 3747 1031 3818 hypnotizantis
1050 3748 1172 3806 obtem·
1389 3816 1395 3826 Α

19 3835 21 3842 ’
115 3843 208 3910 peret,
227 3843 320 3899 etiam
337 3843 408 3912 post
422 3843 529 3914 plures
544 3841 610 3896 dies
625 3839 676 3893 vel
692 3853 823 3922 menses.
840 3840 880 3892 De
895 3837 944 3892 his
959 3836 1172 3907 phoenomenis
