2790 4546
228 397 324 440 111111
337 397 446 440 uxx1v.
463 414 496 424 -
509 395 557 441 11⁰⁸
573 382 832 448 1230,1231,1232,
848 382 1019 449 12311234.
1104 382 1160 440 239

489 667 618 730 CAPUT
638 668 768 731 LXXIV

240 833 385 883 QUAEDAM
404 833 589 876 SYSTEMA'I'A
607 833 754 876 mouens.
773 833 1009 876 uxammsmrua

131 988 208 1046 Vera
229 987 427 1046 doctrinata
446 987 609 1059 principiis
636 988 824 1045 moralitatis
849 974 1002 1059 exposita,
1018 988 1158 1058 quaedam

98 1079 261 1148 systemata
275 1077 419 1148 opposita
436 1077 573 1132 breviter
586 1077 810 1148 expendamus.

134 1219 207 1276 1232.
223 1217 492 1276 Utilitarlsmus
509 1232 515 1273 :
536 1217 681 1274 Hobhes
699 1223 737 1274 et
760 1217 949 1273 Bentham.
964 1248 1000 1259 -
1016 1218 1160 1274 Materia·

99 1309 185 1364 lismo
208 1307 360 1372 addictus,
390 1306 510 1362 Hobbcs
538 1306 651 1362 asserit
676 1305 872 1377 voluptatem
894 1307 1071 1363 sensibilem
1092 1321 1159 1364 esse

99 1410 213 1452 morum
228 1395 381 1466 regulam.
403 1394 460 1450 Sed
480 1395 549 1450 cum
565 1395 634 1450 aliae
649 1395 828 1465 voluptates
847 1395 911 1451 sint
924 1395 1114 1452 immediata
1129 1397 1161 1452 11

99 1485 228 1549 viliores,
249 1485 319 1540 aliae
341 1485 447 1540 antem
471 1485 600 1539 remotae
620 1487 652 1539 11
672 1483 827 1547 meliores,
850 1485 921 1540 vult
943 1485 1021 1541 istas
1045 1485 1159 1542 ceteris

99 1574 247 1646 anteponi,
261 1575 298 1629 ut
313 1574 384 1644 ipsa
399 1573 481 1628 ratio
501 1573 621 1629 suadet.
638 1573 723 1628 Unde
744 1571 836 1628 bomo
858 1573 1017 1628 abstinere
1036 1574 1128 1630 debet
1142 1587 1162 1630 a

11 1717 12 1738 ζ
61 1679 63 1684 ’
102 1663 202 1719 multis
221 1662 439 1736 voluptatibus
453 1663 583 1732 propter
598 1661 818 1717 delectationes
834 1661 1001 1718 nobiliores
1021 1663 1077 1718 aut
1092 1677 1161 1718 ma-

11 1745 12 1774 ³
99 1754 188 1823 j0res.
204 1754 281 1809 Hinc
296 1752 530 1817 utilitarismus,
543 1752 596 1821 qui
611 1753 717 1807 omnia
733 1751 868 1808 hominis
889 1753 990 1808 officia
1001 1768 1052 1808 cx
1078 1753 1162 1808 utili·

101 1843 161 1898 tate
187 1841 316 1914 propria
343 1843 376 1898 et
404 1841 484 1897 bono
508 1840 647 1926 sensibili
667 1840 914 1911 uniuscujusque
939 1841 1091 1898 deducere
1115 1856 1162 1896 co·

11 1931 12 1968 ³
55 1993 57 1999 ,
102 1931 202 1986 11111.

11 2071 12 2094 2
135 2022 194 2076 Hoc
219 2022 357 2090 systema
379 2018 562 2089 pessimum,
588 2019 670 2086 quod
694 2019 839 2076 omnibus
858 2019 947 2074 vitiis
971 2019 1115 2074 sensismi
1131 2021 1163 2075 11

11 2097 12 2108 ’
102 2111 224 2180 egoismi
239 2109 370 2174 laborat,
392 2109 549 2178 corrigere
568 2109 706 2166 tentavit
720 2108 880 2170 Bentbam,
894 2109 1114 2179 distinguendo
1130 2112 1161 2165 11

101 2198 266 2254 ordinando
289 2197 395 2252 varias
417 2196 638 2252 delectationes
667 2197 837 2253 secundnm
865 2211 973 2252 earum
998 2173 1160 2253 1111111111-

101 2288 169 2352 tam,
184 2285 394 2350 durationem,
410 2286 644 2349 certitudinem,
659 2285 907 2356 proximitatem,
923 2284 1160 2350 fecunditatem,

12 2443 13 2450 ἵ
99 2376 273 2443 puritatem.
289 2375 366 2429 ilinc
386 2372 585 2429 arithmetica
598 2373 738 2438 moralis,
754 2373 816 2444 qua
829 2374 925 2429 variae
940 2374 1161 2429 delectationes

100 2465 145 2520 vel
162 2465 337 2534 voluptates
351 2463 576 2534 computantur
590 2469 622 2518 et
644 2463 881 2518 mensurantur.
901 2463 1049 2518 Distinxit
1064 2463 1158 2518 ctiam

12 2547 13 2550 ’
100 2553 262 2609 utilitatem
272 2551 429 2622 publicam
440 2551 478 2606 ab
489 2551 628 2608 utilitate
642 2549 777 2622 privata,
789 2551 952 2620 voluitque
966 2551 1053 2606 illam
1069 2553 1162 2607 alteri

100 2639 251 2713 anteponi.
523 2637 526 2644 '

13 2741 14 2746 ἵ
133 2773 207 2829 1233.
220 2763 372 2829 critica.
387 2802 420 2812 -
436 2773 493 2828 Sed
507 2774 658 2828 Bentbam
674 2789 735 2828 uon
749 2774 852 2843 potest
866 2788 905 2828 ex
920 2774 985 2828 suis
1000 2773 1162 2843 principiis

100 2861 308 2918 demonstrare
320 2861 490 2917 utilitatem
501 2861 658 2931 publicam
672 2877 739 2917 esse
753 2863 886 2932 privatae
897 2863 1162 2932 anteponendam

102 2953 176 3007 unde
190 2950 355 3020 egoismun
369 2951 533 3006 confutare
548 2964 610 3005 non
626 2950 742 3021 potest.
757 2951 871 3006 Deinde
883 2947 1086 3005 arithmetica
1101 2965 1163 3003 mo·

101 3037 183 3106 ralis,
204 3040 275 3096 ciam
298 3039 476 3109 voluptates
499 3054 553 3094 seu
578 3039 800 3094 delectationes
820 3040 883 3093 sint
903 3039 1019 3094 diversi
1039 3039 1163 3109 generis

15 3143 16 3146 ¹
101 3128 128 3182 ct
145 3127 282 3184 maxime
301 3128 454 3189 relativae,
479 3129 529 3183 est
554 3127 756 3198 impossibilis
776 3128 807 3182 et
831 3127 978 3183 absurda.
1007 3127 1161 3190 ceterum,

14 3215 16 3228 ¹
100 3214 209 3272 bonum
223 3215 302 3272 utile
319 3229 381 3271 non
396 3217 501 3287 potest
520 3230 586 3272 esse
602 3215 733 3272 ultimus
749 3215 820 3272 finis
836 3218 867 3271 ct
890 3215 990 3270 suffici
1005 3215 1037 3269 in
1058 3215 1161 3268 locum

99 3303 228 3369 bonesti,
246 3306 283 3360 nt
301 3304 449 3360 vidimus.

130 3437 206 3494 1234.
223 3438 351 3494 Κ111111
365 3443 544 3508 systema.
563 3467 597 3476 -
612 3438 745 3494 Kantius
762 3437 886 3506 quidem
902 3452 921 3492 a
935 3437 1014 3491 bono
1030 3435 1161 3492 honesto

15 3555 16 3566 .
97 3525 140 3581 vel
149 3526 257 3598 potius
268 3526 306 3581 ab
318 3526 418 3582 officio
434 3526 575 3596 regulam
588 3540 711 3582 morum
724 3527 794 3581 vult
804 3525 954 3596 accipere.
967 3524 1024 3580 Sed
1039 3527 1164 3580 conteu-

98 3611 138 3670 dit
151 3614 311 3670 hominem
322 3615 448 3684 justum
463 3614 574 3671 debera
589 3615 714 3670 nonnisi
729 3615 787 3670 boc
803 3615 919 3670 bonum
936 3612 1102 3668 honestum
1115 3613 1165 3668 vel

97 3703 200 3771 potius
228 3703 365 3759 officium
389 3717 484 3759 suum
510 3703 673 3760 intendere
702 3704 735 3757 in
764 3703 910 3759 omnibus
938 3701 1059 3759 actibus
1085 3701 1162 3765 suis,

98 3790 212 3849 secluso
234 3792 322 3848 omni
345 3792 408 3848 alio
427 3791 518 3856 bono,
534 3792 606 3849 utili
621 3793 673 3848 vel
692 3792 877 3849 delectabili.
894 3790 1060 3847 Contendit
1078 3804 1164 3860 praa-
