2828 4550
305 360 408 402 csrur
424 361 536 401 111.-
551 347 676 412 1119924,
692 348 755 413 925,
772 349 835 411 926,
850 349 914 413 927,
929 349 993 411 928,
1009 349 1071 404 929.
1181 349 1231 402 103

152 483 294 540 capaces,
309 485 381 526 cum
398 472 547 540 potentiis
562 473 723 530 sensitivis
738 475 769 529 et
783 474 949 542 organicis,
962 487 1030 542 quae
1045 473 1161 530 naturis
1172 473 1232 531 sua

153 558 415 616 determinantur
429 561 467 616 ad
482 575 591 616 unum.

187 704 255 758 927.
282 705 586 761 Determinismus
604 705 874 762 intellectualis.
889 737 922 746 -
941 709 971 762 7ο
985 708 1120 762 Tandem
1129 707 1229 762 deter-

154 793 300 848 minismi
319 794 543 850 intellectualis
567 794 708 851 fautores
733 795 877 864 (Leibniz)
909 796 1103 852 contendunt
1125 796 1226 852 homi-

152 897 227 936 nem
244 883 422 938 necessario
437 883 639 939 determinari
654 884 792 947 motivis,
810 899 878 952 quse
894 899 955 940 non
972 885 1075 940 minus
1090 885 1228 940 concate-

152 973 313 1026 narentur
332 973 424 1041 quam
440 987 541 1028 causae
555 973 701 1044 physicae.

192 1067 286 1140 Resp.
304 1101 337 1109 -
357 1070 415 1124 Sed
434 1070 537 1135 homo,
564 1073 600 1126 ut
632 1073 827 1141 experientia
859 1073 993 1136 constat,
1017 1086 1079 1126 non
1102 1085 1227 1142 semper

149 1159 334 1214 necessario
357 1159 474 1214 rationi
498 1160 621 1223 obedit;
642 1162 713 1216 vuit
739 1161 865 1228 quidem
894 1162 977 1216 sicut
1004 1161 1225 1224 ratiocinatur,

148 1248 210 1302 sed
233 1249 443 1304 ratiocinatur
475 1249 646 1318 saepissime
671 1251 754 1305 sicut
776 1251 856 1305 vult.
875 1252 937 1306 Hoc
955 1249 1040 1305 infra
1058 1251 1157 1319 magis
1171 1263 1226 1320 pa·
1287 1249 1289 1260 '

147 1335 244 1392 tebit.

189 1471 255 1525 928.
277 1471 396 1527 Liberi
410 1473 553 1529 arbitrii
566 1487 649 1528 cum
667 1472 865 1538 intellectu,
881 1475 952 1537 etc..
967 1473 1172 1528 relationes.
1190 1503 1223 1514 —

146 1561 296 1617 Libertas
312 1563 358 1617 est
370 1563 495 1630 quidem
512 1564 544 1618 in
560 1563 734 1629 voluntate,
765 1565 818 1619 sed
841 1566 995 1632 quatenus
1016 1563 1162 1619 voluntas
1178 1565 1223 1620 ita

146 1651 332 1719 cognitione
355 1651 505 1720 dirigitur
527 1654 563 1706 ut
581 1653 692 1707 electio
718 1654 761 1707 sit
782 1652 951 1723 possibilis.
973 1653 1059 1708 Unde
1090 1667 1151 1706 non
1176 1655 1224 1709 est

147 1739 283 1794 libertas
306 1741 372 1795 sine
394 1741 571 1806 intellectu;
587 1756 686 1810 neque
702 1744 750 1796 est
769 1741 897 1798 libertas
917 1756 987 1796 cum
1002 1741 1175 1806 intellectu,
1193 1743 1220 1798 si

145 1828 332 1884 intellectus
348 1829 469 1898 objecto
484 1845 542 1884 suo
557 1831 733 1885 necessario
748 1831 986 1886 determinatur.
1010 1831 1106 1886 Porro
1125 1831 1220 1888 intel·

146 1918 254 1973 lectus
278 1917 453 1974 necessario
477 1919 707 1973 determinatur
725 1920 836 1990 primis
863 1920 1037 1989 principiis,
1070 1919 1219 1986 quemad·

147 2007 280 2062 modum
295 2007 441 2063 voluntas
455 2007 685 2062 determinatur
707 2009 881 2063 necessario
896 2009 975 2063 bono
991 2009 1023 2062 in
1038 2024 1151 2078 genere
1165 2023 1219 2064 seu

147 2095 356 2159 beatitudine,
373 2099 409 2150 ut
424 2096 542 2150 dictum
562 2105 609 2151 est
622 2097 667 2166 (n0
677 2097 751 2167 919).
766 2099 999 2154 Determinatur
1009 2099 1104 2153 etiam
1116 2112 1220 2154 neces·

146 2184 236 2241 sarid
260 2185 439 2240 intellectus
463 2186 501 2239 ad
524 2185 739 2240 conclusiones
754 2188 881 2242 omnino
901 2187 1070 2242 evidentes.
1087 2188 1173 2243 Unde
1192 2187 1219 2242 si

146 2275 293 2342 quaedam
324 2274 427 2330 media
453 2275 491 2329 ad
521 2274 746 2330 beatitudinem
769 2276 1049 2346 apprehenduntur
1068 2277 1217 2344 tanquam

145 2363 278 2416 omnino
294 2363 477 2428 necessaris,
493 2363 641 2418 voluntas
663 2364 701 2418 ad
727 2363 792 2419 haec
808 2365 909 2419 media
923 2363 1097 2419 adhibenda
1117 2379 1219 2418 neces-

144 2451 234 2507 sario
258 2452 498 2506 determinatur.
526 2453 582 2507 Sed
603 2453 688 2509 aliud
712 2455 760 2508 est
775 2453 930 2521 iudicium
955 2453 1162 2508 theoreticum
1187 2454 1219 2507 et

142 2541 234 2597 aliud
256 2541 411 2609 judicium
436 2542 620 2612 practicum.
647 2544 764 2610 ltaque,
795 2542 868 2598 licet
893 2542 1070 2596 intellectus
1093 2540 1216 2609 judicet

143 2631 209 2686 tale
235 2631 372 2685 medium
395 2645 462 2686 csse
488 2633 698 2686 necessarium
714 2647 771 2702 per
792 2646 824 2686 se
848 2632 886 2686 ad
906 2631 1143 2693 beatitudinem,
1163 2632 1218 2686 aut

143 2733 215 2775 esse
232 2719 344 2774 melius
359 2721 391 2774 et
412 2719 600 2788 eligendum,
617 2723 720 2790 potest
732 2723 838 2776 tamen
859 2721 1002 2790 judicare
1017 2721 1050 2774 in
1065 2734 1139 2775 casu
1154 2719 1216 2774 tale

143 2808 286 2863 medium
306 2823 374 2863 esse
395 2809 614 2864 omittendum.
631 2807 706 2864 Hinc
721 2810 799 2865 iilud
815 2812 915 2880 poetae
932 2827 939 2863 :
955 2830 968 2860 α
984 2810 1114 2865 Meliora
1123 2809 1215 2864 video

142 2897 313 2966 proboque,
331 2897 489 2952 deteriora
503 2912 626 2966 sequor.
645 2918 658 2948 a

180 3047 244 3102 929.
257 3049 309 3103 De
319 3028 587 3118 ultimoiudicio
597 3049 906 3119 practico-Nunc
917 3049 1212 3118 occurritquaestio:
1315 3051 1319 3064 ¹

141 3138 292 3193 Potestne
317 3137 410 3193 homo
439 3151 501 3192 non
522 3138 610 3206 sequi
635 3138 780 3194 ultimum
794 3138 948 3206 judicium
963 3139 1137 3208 practicum
1153 3133 1165 3190 i
1181 3167 1214 3177 -

140 3226 203 3281 Alii
221 3228 338 3295 negant
348 3227 380 3281 et
394 3225 448 3281 alii
463 3226 631 3291 affirmant,
654 3227 707 3281 sed
731 3242 843 3282 revera
856 3227 1006 3282 videntur
1025 3226 1211 3281 consentire.

140 3318 220 3370 Nam
242 3315 289 3369 illi
314 3315 425 3371 dicunt
448 3315 505 3372 hoc
528 3315 677 3370 ultimum
691 3317 846 3385 judicium
873 3317 1045 3387 practicam
1066 3329 1133 3370 esse
1146 3315 1213 3383 Jam

139 3403 296 3472 liberum;
322 3405 404 3460 unde
428 3404 613 3460 electionem
642 3421 697 3460 seu
726 3407 830 3460 actum
847 3406 979 3460 liberum
1001 3407 1159 3473 reponunt
1179 3404 1212 3460 in

139 3493 200 3549 hcc
211 3492 344 3561 judicio,
361 3492 434 3546 dum
451 3493 504 3546 alii
519 3493 625 3562 potius
640 3493 798 3563 reponunt
810 3494 915 3548 actum
931 3492 1065 3548 liberum
1081 3493 1113 3547 in
1128 3493 1212 3548 voli-

138 3581 228 3637 tione
243 3595 313 3649 quae
328 3580 386 3635 hoc
397 3581 554 3649 judicium
571 3583 783 3650 consequitur.

176 3679 247 3742 Sed,
272 3677 421 3747 quidquid
447 3679 489 3734 sit
510 3679 547 3734 de
563 3679 621 3734 hac
636 3680 861 3745 controversia,
878 3682 966 3735 actus
985 3679 1064 3736 liber
1075 3695 1137 3738 non
1152 3695 1212 3736 ex-

140 3767 249 3836 surgit
259 3765 320 3821 nisi
336 3781 375 3821 ex
385 3781 540 3823 concursu
551 3767 729 3824 intellectus
740 3769 772 3824 et
781 3769 966 3826 voluntatis.
977 3770 1067 3825 Modo
1079 3770 1213 3826 vocatur
