2910 4568
239 437 274 492 86
668 450 887 494 PSYcllototilA

276 563 350 616 Cium
368 560 487 629 aliquis*
500 567 585 618 amat
600 563 718 630 aliquid
732 563 862 632 propter
872 563 1123 629 delectationem,
1140 577 1229 617 amor
1244 563 1312 630 qui-

239 633 309 688 dem
325 633 378 688 ille
394 635 542 689 causatur
555 649 594 688 ex
610 633 825 696 delectatione,
849 635 902 689 sed
927 634 1092 690 delectatio
1121 633 1177 688 illa
1190 634 1310 689 iterum

240 707 389 759 causatur
404 719 443 759 ex
457 706 519 760 alio
536 719 642 760 amore
657 705 871 776 praeoedente;
896 705 1003 762 nullus
1026 706 1110 760 enim
1135 705 1313 760 delectatur

240 776 301 830 nisi
316 776 349 830 in
368 791 402 831 re
416 777 520 845 aliquo
538 776 627 831 modo
643 776 747 832 amata
759 777 812 847 (l).

276 892 333 946 Sed
347 891 412 946 haec
427 893 530 962 prima
552 893 716 962 responsio
730 893 858 948 videtur
873 907 939 948 esse
962 892 1155 962 complenda.
1177 895 1263 959 Nam,
1282 894 1309 948 si

240 981 417 1045 delectatio,
434 982 572 1052 spectata
585 984 621 1037 ut
635 981 749 1052 passio,
766 983 804 1036 ab
820 996 926 1037 amore
941 982 1065 1053 pendet,
1086 981 1152 1050 jam
1181 982 1312 1038 videtur

240 1083 308 1124 esse
330 1069 539 1139 independens
562 1070 587 1124 si
607 1071 769 1141 spectatur
791 1073 825 1125 ut
852 1071 1011 1140 perceptio
1037 1085 1093 1125 seu
1121 1071 1312 1126 conscientia

241 1157 376 1226 alicujus
392 1159 494 1216 statiis
510 1159 559 1214 vel
568 1160 759 1230 operationis
773 1159 918 1229 perfectae
932 1163 964 1214 et
976 1158 1178 1214 delectabilis.
1191 1159 1313 1214 Revera

241 1247 344 1302 omnis
357 1249 498 1316 operatio
512 1248 651 1318 perfecta
675 1249 807 1317 alicujus
822 1249 972 1319 potentiae
987 1250 1153 1317 quamdam
1170 1249 1310 1304 delecta-

242 1336 359 1392 tionem
376 1337 581 1406 importat‚ut
591 1339 709 1410 optime
724 1339 894 1394 ostendunt
902 1339 1086 1394 Aristoteles
1103 1339 1134 1394 et
1149 1339 1176 1392 S.
1190 1338 1306 1406 Th.(2).

242 1425 328 1480 Unde
343 1425 508 1483 delectatio
528 1429 692 1482 invenitur
713 1428 846 1495 quodam
871 1429 962 1484 modo
988 1429 1082 1482 etiam
1105 1427 1137 1481 in
1159 1428 1310 1497 potentiis

241 1516 274 1571 et
292 1517 526 1587 operationibus
542 1519 804 1588 cognoscitiviset
818 1519 890 1574 ante
900 1519 1113 1588 operationem
1129 1517 1311 1587 appetitivae

242 1605 352 1676 partis.
369 1636 403 1644 —
419 1607 475 1661 Sed
490 1621 610 1671 revera,
621 1607 695 1662 licet
710 1622 764 1663 ens
775 1607 948 1663 delectetur
961 1622 1018 1676 per
1034 1621 1141 1662 omnes
1152 1607 1310 1677 potentias

242 1707 296 1750 seu
312 1695 510 1765 operationes
526 1711 609 1756 suas,
626 1711 687 1752 non
705 1695 890 1765 simpliciter
900 1698 932 1752 et
947 1695 1123 1751 formaliter
1135 1695 1313 1751 delectatur

243 1782 304 1837 nisi
319 1784 392 1852 quia
406 1785 565 1854 appetitus
580 1785 649 1853 ejus
665 1786 798 1852 quiescit
812 1786 843 1839 in
865 1785 945 1840 bono
960 1785 1085 1854 cognito
1098 1785 1130 1840 et
1144 1786 1263 1840 amato.

277 1909 340 1964 893.
360 1909 574 1964 Passionum
596 1916 633 1965 et
661 1910 865 1965 voluntatis
887 1909 1094 1965 relationes.
1112 1941 1146 1949 -
1166 1911 1253 1964 Nunc
1273 1909 1313 1965 ad

242 1997 410 2054 relationes
426 1999 585 2069 appetitis
601 1999 743 2055 sensitivi
758 2002 790 2054 et
803 1999 961 2069 appetitus
977 1999 1173 2063 intellectivi‚
1191 1998 1314 2054 scilicet

241 2086 423 2154 passionum
444 2089 475 2142 et
498 2087 682 2152 voluntatis,
699 2089 859 2158 paulisper
873 2088 1086 2143 attendamus
1106 2087 1313 2152 Quemadmo-

242 2175 316 2229 dum
332 2175 509 2232 intellectus
518 2176 621 2232 utitur
633 2177 785 2240 sensibus,
797 2178 849 2245 qui
864 2178 922 2232 hoc
933 2177 1090 2232 consortio
1106 2176 1317 2232 nobilitantur

242 2265 274 2319 et
296 2278 394 2320 novos
419 2265 527 2320 modos
560 2267 737 2338 suscipiunt
759 2266 818 2336 (ex.
845 2281 890 2334 gr.
917 2266 1161 2329 reminiscentia,
1188 2265 1314 2333 cogita-

243 2353 320 2414 tiva,
340 2354 524 2423 imaginatio
544 2355 704 2424 creatrix),
730 2356 775 2410 ita
798 2369 881 2409 nunc
907 2357 1050 2410 voluntas
1072 2354 1175 2409 utitur
1189 2355 1314 2424 passio-

243 2442 344 2506 nibus,
361 2457 428 2512 quae
444 2443 502 2498 hoc
520 2445 611 2514 pacto
632 2457 693 2498 non
720 2445 824 2499 minus
846 2443 1056 2514 perficiuntur
1075 2442 1166 2511 quam
1189 2457 1312 2498 sensus.

242 2529 327 2584 Licet
340 2532 422 2585 enim
438 2532 599 2600 passiones
615 2533 679 2587 sint
693 2533 904 2588 essentialiter
924 2533 1039 2588 eaedem
1053 2532 1135 2601 apud
1151 2531 1312 2586 homiuem

242 2619 274 2672 et
288 2619 371 2688 apud
386 2620 545 2684 animalia,
563 2622 668 2676 tamen
683 2621 765 2692 apud
787 2621 944 2676 hominem
966 2635 1063 2676 novos
1079 2621 1188 2676 modos
1210 2621 1315 2676 susoi-

243 2706 335 2776 pinni
349 2699 478 2777 propter
489 2710 683 2764 voluntatem
700 2725 768 2777 quae
784 2711 890 2765 movet
904 2725 955 2765 eas
971 2711 1027 2764 aut
1042 2710 1079 2764 ab
1094 2709 1139 2764 eis
1156 2711 1314 2764 movetur.

243 2795 361 2850 Exinde
380 2797 541 2865 passiones
555 2811 622 2866 quae
638 2801 712 2854 sunt
726 2799 845 2854 homini
861 2799 998 2870 propria
1015 2814 1083 2854 :en
1101 2813 1146 2868 gr.
1163 2799 1315 2867 gaudium

244 2883 277 2936 et
297 2883 441 2940 tristitia.
468 2889 543 2940 Nam
567 2887 684 2941 animal
707 2902 769 2943 non
789 2887 915 2958 proprie
940 2888 1055 2957 gaudet
1078 2889 1134 2942 aut
1155 2887 1316 2952 tristatur,

246 2971 299 3026 sed
309 2972 483 3030 delectatur
495 2977 552 3030 aut
564 2975 703 3031 dolorem
718 2977 850 3047 patitur.

281 3099 343 3153 894.
359 3098 411 3154 De
425 3100 656 3170 passionibus
669 3101 932 3171 spiritualibus.
944 3133 977 3141 -
993 3103 1070 3156 Hinc
1081 3101 1238 3158 habentur
1247 3118 1317 3173 pas·

246 3186 348 3242 siones
359 3189 446 3256 quasi
458 3189 649 3259 spirituales.
662 3193 737 3244 Nam
751 3191 895 3264 voluntas
912 3189 1122 3259 spiritualiter
1135 3192 1231 3256 amat,
1242 3205 1316 3260 gau-

245 3275 307 3339 d'et,
324 3277 482 3341 tristatur,
499 3279 665 3343 desiderat,
682 3281 798 3349 sperat,
811 3280 881 3344 eto,
893 3281 925 3334 et
939 3280 975 3334 ad
987 3277 1102 3334 bonum
1116 3279 1318 3348 intelligibile

245 3366 419 3436 appetitum
444 3367 623 3423 sensibilem
640 3368 772 3436 quodam
789 3349 880 3423 modo
903 3368 1053 3438 applicat.
1082 3369 1154 3424 lude
1175 3368 1316 3431 dileetio,

245 3454 394 3515 amicitia,
420 3455 576 3510 sensibilis
600 3469 689 3511 amor
712 3457 842 3512 virtutis
863 3457 914 3512 vel
941 3456 1060 3524 gloriae,
1080 3457 1138 3511 eto.
1160 3455 1318 3525 Quidquid

246 3544 331 3597 amat
351 3543 443 3599 homo
464 3544 683 3614 spiritualiter,
700 3545 804 3614 potest
830 3559 934 3600 amare
963 3545 1056 3600 etiam
1082 3545 1186 3609 corde,
1202 3545 1235 3600 id
1259 3547 1318 3609 est,

245 3632 388 3702 appetitu
404 3633 554 3688 sensitiva
570 3647 625 3689 seu
644 3648 714 3688 oum
733 3635 888 3705 passione.

275 3799 599 3927 mammeas

277 3861 667 3926 sumnaamaa
