<?xml version="1.0" encoding="UTF-8"?>
<!DOCTYPE html PUBLIC "-//W3C//DTD XHTML 1.0 Transitional//EN"
    "http://www.w3.org/TR/xhtml1/DTD/xhtml1-transitional.dtd">
<html xmlns="http://www.w3.org/1999/xhtml" xml:lang="en" lang="en">
 <head>
  <title>
</title>
<meta http-equiv="Content-Type" content="text/html;charset=utf-8" />
  <meta name='ocr-system' content='tesseract 3.04.00' />
  <meta name='ocr-capabilities' content='ocr_page ocr_carea ocr_par ocr_line ocrx_word'/>
</head>
<body>
  <div class='ocr_page' id='page_1' title='image "./manualephilosop00blangoog_0132.png"; bbox 0 0 2828 4550; ppageno 0'>
   <div class='ocr_carea' id='block_1_1' title="bbox 198 418 1211 524">
    <p class='ocr_par' dir='ltr' id='par_1_1' title="bbox 198 418 1211 524">
     <span class='ocr_line' id='line_1_1' title="bbox 198 418 1211 524; baseline 0.005 -17"><span class='ocrx_word' id='word_1_1' title='bbox 198 418 200 432; x_wconf 63' lang='lat'><em>&#39;</em></span> <span class='ocrx_word' id='word_1_2' title='bbox 305 431 486 508; x_wconf 62' lang='lat' dir='ltr'><strong>enimn.</strong></span> <span class='ocrx_word' id='word_1_3' title='bbox 503 482 535 494; x_wconf 93' lang='lat'>-</span> <span class='ocrx_word' id='word_1_4' title='bbox 550 459 598 508; x_wconf 69' lang='lat' dir='ltr'><strong>nr</strong></span> <span class='ocrx_word' id='word_1_5' title='bbox 611 453 676 518; x_wconf 81' lang='lat'><strong>992,</strong></span> <span class='ocrx_word' id='word_1_6' title='bbox 688 451 1049 524; x_wconf 58' lang='lat' dir='ltr'><strong>manuteneatur.</strong></span> <span class='ocrx_word' id='word_1_7' title='bbox 1163 455 1211 512; x_wconf 84' lang='lat'><strong>131</strong></span> 
     </span>
    </p>
   </div>
   <div class='ocr_carea' id='block_1_2' title="bbox 140 575 1211 824">
    <p class='ocr_par' dir='ltr' id='par_1_2' title="bbox 140 575 1211 824">
     <span class='ocr_line' id='line_1_2' title="bbox 143 575 1210 645; baseline 0.005 -15"><span class='ocrx_word' id='word_1_8' title='bbox 143 575 333 632; x_wconf 83' lang='lat' dir='ltr'><strong>manifestat.</strong></span> <span class='ocrx_word' id='word_1_9' title='bbox 360 577 534 645; x_wconf 84' lang='lat' dir='ltr'><strong>Antequam</strong></span> <span class='ocrx_word' id='word_1_10' title='bbox 556 575 707 632; x_wconf 83' lang='lat' dir='ltr'><strong>florerent</strong></span> <span class='ocrx_word' id='word_1_11' title='bbox 725 577 865 633; x_wconf 77' lang='lat' dir='ltr'><strong>scientiae</strong></span> <span class='ocrx_word' id='word_1_12' title='bbox 892 579 926 634; x_wconf 87' lang='lat' dir='ltr'><strong>et</strong></span> <span class='ocrx_word' id='word_1_13' title='bbox 947 579 1042 644; x_wconf 88' lang='lat' dir='ltr'><strong>artes,</strong></span> <span class='ocrx_word' id='word_1_14' title='bbox 1068 579 1210 636; x_wconf 89' lang='lat' dir='ltr'><strong>homines</strong></span> 
     </span>
     <span class='ocr_line' id='line_1_3' title="bbox 141 665 1211 738; baseline 0.007 -20"><span class='ocrx_word' id='word_1_15' title='bbox 141 665 353 733; x_wconf 75' lang='lat' dir='ltr'>loquebantur</span> <span class='ocrx_word' id='word_1_16' title='bbox 369 666 485 735; x_wconf 83' lang='lat' dir='ltr'><strong>linguis</strong></span> <span class='ocrx_word' id='word_1_17' title='bbox 501 665 659 736; x_wconf 79' lang='lat' dir='ltr'><strong>perfectis.</strong></span> <span class='ocrx_word' id='word_1_18' title='bbox 682 665 782 720; x_wconf 83' lang='lat' dir='ltr'><strong>Etiam</strong></span> <span class='ocrx_word' id='word_1_19' title='bbox 805 666 897 722; x_wconf 90' lang='lat' dir='ltr'><strong>hodic</strong></span> <span class='ocrx_word' id='word_1_20' title='bbox 914 666 1061 724; x_wconf 79' lang='lat' dir='ltr'><strong>videmur</strong></span> <span class='ocrx_word' id='word_1_21' title='bbox 1075 669 1211 738; x_wconf 84' lang='lat' dir='ltr'><strong>impares</strong></span> 
     </span>
     <span class='ocr_line' id='line_1_4' title="bbox 140 753 1008 824; baseline 0.003 -18"><span class='ocrx_word' id='word_1_22' title='bbox 140 753 259 822; x_wconf 83' lang='lat' dir='ltr'><strong>linguae</strong></span> <span class='ocrx_word' id='word_1_23' title='bbox 273 754 417 810; x_wconf 68' lang='lat' dir='ltr'><strong>creandae</strong></span> <span class='ocrx_word' id='word_1_24' title='bbox 432 753 495 822; x_wconf 82' lang='lat' dir='ltr'><strong>qua</strong></span> <span class='ocrx_word' id='word_1_25' title='bbox 508 754 557 810; x_wconf 89' lang='lat' dir='ltr'><strong>uti</strong></span> <span class='ocrx_word' id='word_1_26' title='bbox 570 754 672 824; x_wconf 80' lang='lat' dir='ltr'><strong>possit</strong></span> <span class='ocrx_word' id='word_1_27' title='bbox 685 755 818 810; x_wconf 88' lang='lat' dir='ltr'><strong>societas</strong></span> <span class='ocrx_word' id='word_1_28' title='bbox 833 755 1008 811; x_wconf 90' lang='lat' dir='ltr'><strong>homiuum.</strong></span> 
     </span>
    </p>
   </div>
   <div class='ocr_carea' id='block_1_3' title="bbox 136 896 1215 1397">
    <p class='ocr_par' dir='ltr' id='par_1_3' title="bbox 136 896 1215 1397">
     <span class='ocr_line' id='line_1_5' title="bbox 177 896 1213 968; baseline 0.006 -17"><span class='ocrx_word' id='word_1_29' title='bbox 177 897 243 952; x_wconf 83' lang='lat'>995.</span> <span class='ocrx_word' id='word_1_30' title='bbox 259 896 481 967; x_wconf 82' lang='lat' dir='ltr'><strong>Hypothesis</strong></span> <span class='ocrx_word' id='word_1_31' title='bbox 499 896 544 951; x_wconf 79' lang='lat' dir='ltr'><strong>de</strong></span> <span class='ocrx_word' id='word_1_32' title='bbox 557 897 736 953; x_wconf 81' lang='lat' dir='ltr'><strong>sermonis</strong></span> <span class='ocrx_word' id='word_1_33' title='bbox 748 898 888 968; x_wconf 70' lang='lat' dir='ltr'><strong>origine</strong></span> <span class='ocrx_word' id='word_1_34' title='bbox 906 913 952 954; x_wconf 81' lang='lat' dir='ltr'><strong>ex</strong></span> <span class='ocrx_word' id='word_1_35' title='bbox 973 899 1162 956; x_wconf 83' lang='lat' dir='ltr'><strong>instinctu.</strong></span> <span class='ocrx_word' id='word_1_36' title='bbox 1178 931 1213 940; x_wconf 86' lang='lat'>—</span> 
     </span>
     <span class='ocr_line' id='line_1_6' title="bbox 139 985 1212 1057; baseline 0.007 -19"><span class='ocrx_word' id='word_1_37' title='bbox 139 986 250 1053; x_wconf 89' lang='lat' dir='ltr'><strong>ltaque</strong></span> <span class='ocrx_word' id='word_1_38' title='bbox 271 985 336 1049; x_wconf 90' lang='lat' dir='ltr'><strong>alii,</strong></span> <span class='ocrx_word' id='word_1_39' title='bbox 352 986 529 1056; x_wconf 86' lang='lat' dir='ltr'><strong>praesertim</strong></span> <span class='ocrx_word' id='word_1_40' title='bbox 546 985 631 1042; x_wconf 91' lang='lat' dir='ltr'><strong>iuter</strong></span> <span class='ocrx_word' id='word_1_41' title='bbox 653 986 840 1057; x_wconf 82' lang='lat' dir='ltr'><strong>philologos,</strong></span> <span class='ocrx_word' id='word_1_42' title='bbox 860 987 1125 1045; x_wconf 84' lang='lat' dir='ltr'><strong>existimaverunt</strong></span> <span class='ocrx_word' id='word_1_43' title='bbox 1145 1003 1212 1046; x_wconf 89' lang='lat' dir='ltr'><strong>ser-</strong></span> 
     </span>
     <span class='ocr_line' id='line_1_7' title="bbox 142 1075 1215 1147; baseline 0.006 -19"><span class='ocrx_word' id='word_1_44' title='bbox 142 1089 270 1130; x_wconf 85' lang='lat' dir='ltr'><strong>monem</strong></span> <span class='ocrx_word' id='word_1_45' title='bbox 296 1075 485 1144; x_wconf 79' lang='lat' dir='ltr'><strong>processisse</strong></span> <span class='ocrx_word' id='word_1_46' title='bbox 504 1088 523 1128; x_wconf 91' lang='lat' dir='ltr'><strong>a</strong></span> <span class='ocrx_word' id='word_1_47' title='bbox 537 1075 604 1130; x_wconf 90' lang='lat' dir='ltr'><strong>solo</strong></span> <span class='ocrx_word' id='word_1_48' title='bbox 619 1075 782 1141; x_wconf 88' lang='lat' dir='ltr'><strong>instinctu,</strong></span> <span class='ocrx_word' id='word_1_49' title='bbox 797 1075 849 1130; x_wconf 84' lang='lat' dir='ltr'><strong>vel</strong></span> <span class='ocrx_word' id='word_1_50' title='bbox 867 1077 973 1147; x_wconf 79' lang='lat' dir='ltr'><strong>potitis</strong></span> <span class='ocrx_word' id='word_1_51' title='bbox 986 1091 1005 1132; x_wconf 87' lang='lat' dir='ltr'><strong>a</strong></span> <span class='ocrx_word' id='word_1_52' title='bbox 1019 1077 1153 1146; x_wconf 88' lang='lat' dir='ltr'><strong>quodam</strong></span> <span class='ocrx_word' id='word_1_53' title='bbox 1168 1079 1215 1134; x_wconf 92' lang='lat' dir='ltr'><strong>in·</strong></span> 
     </span>
     <span class='ocr_line' id='line_1_8' title="bbox 136 1163 1213 1233; baseline 0.005 -15"><span class='ocrx_word' id='word_1_54' title='bbox 136 1163 236 1232; x_wconf 84' lang='lat' dir='ltr'><strong>genio</strong></span> <span class='ocrx_word' id='word_1_55' title='bbox 265 1164 446 1232; x_wconf 88' lang='lat' dir='ltr'><strong>spontaneo,</strong></span> <span class='ocrx_word' id='word_1_56' title='bbox 478 1177 540 1230; x_wconf 83' lang='lat' dir='ltr'><strong>quo</strong></span> <span class='ocrx_word' id='word_1_57' title='bbox 573 1163 670 1233; x_wconf 90' lang='lat' dir='ltr'><strong>primi</strong></span> <span class='ocrx_word' id='word_1_58' title='bbox 712 1163 854 1220; x_wconf 88' lang='lat' dir='ltr'><strong>homines</strong></span> <span class='ocrx_word' id='word_1_59' title='bbox 886 1164 1094 1232; x_wconf 83' lang='lat' dir='ltr'><strong>fruebantur;</strong></span> <span class='ocrx_word' id='word_1_60' title='bbox 1131 1167 1213 1223; x_wconf 91' lang='lat' dir='ltr'><strong>unde</strong></span> 
     </span>
     <span class='ocr_line' id='line_1_9' title="bbox 138 1239 1214 1321; baseline 0.004 -15"><span class='ocrx_word' id='word_1_61' title='bbox 138 1251 243 1308; x_wconf 92' lang='lat' dir='ltr'><strong>locuti</strong></span> <span class='ocrx_word' id='word_1_62' title='bbox 258 1251 394 1308; x_wconf 84' lang='lat' dir='ltr'><strong>fuissent</strong></span> <span class='ocrx_word' id='word_1_63' title='bbox 420 1239 556 1321; x_wconf 79' lang='lat' dir='ltr'><strong>perfecte</strong></span> <span class='ocrx_word' id='word_1_64' title='bbox 577 1252 616 1306; x_wconf 89' lang='lat' dir='ltr'><strong>ab</strong></span> <span class='ocrx_word' id='word_1_65' title='bbox 639 1252 742 1317; x_wconf 88' lang='lat' dir='ltr'><strong>initio,</strong></span> <span class='ocrx_word' id='word_1_66' title='bbox 763 1253 846 1308; x_wconf 88' lang='lat' dir='ltr'><strong>sicut</strong></span> <span class='ocrx_word' id='word_1_67' title='bbox 866 1253 934 1308; x_wconf 83' lang='lat' dir='ltr'><strong>avis</strong></span> <span class='ocrx_word' id='word_1_68' title='bbox 959 1255 1065 1309; x_wconf 86' lang='lat' dir='ltr'><strong>cantat</strong></span> <span class='ocrx_word' id='word_1_69' title='bbox 1084 1257 1116 1311; x_wconf 83' lang='lat' dir='ltr'><strong>et</strong></span> <span class='ocrx_word' id='word_1_70' title='bbox 1135 1257 1214 1312; x_wconf 90' lang='lat' dir='ltr'><strong>nidi-</strong></span> 
     </span>
     <span class='ocr_line' id='line_1_10' title="bbox 140 1341 1089 1397; baseline 0.007 -2"><span class='ocrx_word' id='word_1_71' title='bbox 140 1341 229 1397; x_wconf 88' lang='lat' dir='ltr'><strong>ficat.</strong></span> <span class='ocrx_word' id='word_1_72' title='bbox 1086 1353 1089 1370; x_wconf 85' lang='lat'><strong>¹</strong></span> 
     </span>
    </p>
   </div>
   <div class='ocr_carea' id='block_1_4' title="bbox 137 1435 1216 2208">
    <p class='ocr_par' dir='ltr' id='par_1_4' title="bbox 137 1435 1216 2208">
     <span class='ocr_line' id='line_1_11' title="bbox 178 1435 1214 1509; baseline 0.005 -16"><span class='ocrx_word' id='word_1_73' title='bbox 178 1436 310 1494; x_wconf 81' lang='lat' dir='ltr'><strong>Critioa.</strong></span> <span class='ocrx_word' id='word_1_74' title='bbox 323 1435 425 1493; x_wconf 89' lang='lat' dir='ltr'><strong>-Sed</strong></span> <span class='ocrx_word' id='word_1_75' title='bbox 437 1439 493 1494; x_wconf 91' lang='lat' dir='ltr'><strong>illo</strong></span> <span class='ocrx_word' id='word_1_76' title='bbox 507 1439 660 1494; x_wconf 90' lang='lat' dir='ltr'><strong>instinctu</strong></span> <span class='ocrx_word' id='word_1_77' title='bbox 677 1439 815 1494; x_wconf 88' lang='lat' dir='ltr'><strong>mirabili</strong></span> <span class='ocrx_word' id='word_1_78' title='bbox 830 1454 849 1493; x_wconf 92' lang='lat' dir='ltr'><strong>a</strong></span> <span class='ocrx_word' id='word_1_79' title='bbox 861 1454 922 1509; x_wconf 88' lang='lat' dir='ltr'><strong>quo</strong></span> <span class='ocrx_word' id='word_1_80' title='bbox 938 1454 1041 1496; x_wconf 88' lang='lat' dir='ltr'><strong>sermo</strong></span> <span class='ocrx_word' id='word_1_81' title='bbox 1057 1441 1214 1498; x_wconf 91' lang='lat' dir='ltr'><strong>humanus</strong></span> 
     </span>
     <span class='ocr_line' id='line_1_12' title="bbox 138 1527 1216 1598; baseline 0.002 -15"><span class='ocrx_word' id='word_1_82' title='bbox 138 1529 350 1598; x_wconf 80' lang='lat' dir='ltr'><strong>processisset</strong></span> <span class='ocrx_word' id='word_1_83' title='bbox 373 1527 516 1583; x_wconf 89' lang='lat' dir='ltr'><strong>homines</strong></span> <span class='ocrx_word' id='word_1_84' title='bbox 546 1527 690 1583; x_wconf 83' lang='lat' dir='ltr'><strong>hodierni</strong></span> <span class='ocrx_word' id='word_1_85' title='bbox 719 1527 952 1593; x_wconf 87' lang='lat' dir='ltr'><strong>destituuntur;</strong></span> <span class='ocrx_word' id='word_1_86' title='bbox 977 1529 1060 1585; x_wconf 89' lang='lat' dir='ltr'><strong>unde</strong></span> <span class='ocrx_word' id='word_1_87' title='bbox 1087 1530 1142 1586; x_wconf 90' lang='lat' dir='ltr'><strong>ille</strong></span> <span class='ocrx_word' id='word_1_88' title='bbox 1168 1531 1216 1586; x_wconf 91' lang='lat' dir='ltr'><strong>in-</strong></span> 
     </span>
     <span class='ocr_line' id='line_1_13' title="bbox 138 1616 1215 1688; baseline 0.003 -16"><span class='ocrx_word' id='word_1_89' title='bbox 138 1617 280 1672; x_wconf 89' lang='lat' dir='ltr'><strong>stinctus</strong></span> <span class='ocrx_word' id='word_1_90' title='bbox 295 1616 395 1686; x_wconf 85' lang='lat' dir='ltr'><strong>gratis</strong></span> <span class='ocrx_word' id='word_1_91' title='bbox 409 1616 574 1679; x_wconf 89' lang='lat' dir='ltr'><strong>asseritur,</strong></span> <span class='ocrx_word' id='word_1_92' title='bbox 591 1617 647 1671; x_wconf 89' lang='lat' dir='ltr'><strong>aut</strong></span> <span class='ocrx_word' id='word_1_93' title='bbox 661 1617 772 1671; x_wconf 88' lang='lat' dir='ltr'><strong>saltem</strong></span> <span class='ocrx_word' id='word_1_94' title='bbox 793 1630 854 1672; x_wconf 91' lang='lat' dir='ltr'><strong>uon</strong></span> <span class='ocrx_word' id='word_1_95' title='bbox 870 1618 920 1672; x_wconf 89' lang='lat' dir='ltr'><strong>est</strong></span> <span class='ocrx_word' id='word_1_96' title='bbox 941 1618 990 1673; x_wconf 89' lang='lat' dir='ltr'><strong>vis</strong></span> <span class='ocrx_word' id='word_1_97' title='bbox 1005 1619 1111 1688; x_wconf 85' lang='lat' dir='ltr'><strong>aliqua</strong></span> <span class='ocrx_word' id='word_1_98' title='bbox 1124 1621 1215 1676; x_wconf 89' lang='lat' dir='ltr'><strong>natu·</strong></span> 
     </span>
     <span class='ocr_line' id='line_1_14' title="bbox 137 1705 1214 1773; baseline 0.003 -13"><span class='ocrx_word' id='word_1_99' title='bbox 137 1706 239 1771; x_wconf 86' lang='lat' dir='ltr'><strong>ralis;</strong></span> <span class='ocrx_word' id='word_1_100' title='bbox 257 1707 331 1773; x_wconf 84' lang='lat' dir='ltr'><strong>qnia</strong></span> <span class='ocrx_word' id='word_1_101' title='bbox 350 1709 465 1760; x_wconf 88' lang='lat' dir='ltr'><strong>natura</strong></span> <span class='ocrx_word' id='word_1_102' title='bbox 486 1719 549 1762; x_wconf 91' lang='lat' dir='ltr'><strong>non</strong></span> <span class='ocrx_word' id='word_1_103' title='bbox 565 1706 717 1760; x_wconf 89' lang='lat' dir='ltr'><strong>mutatur.</strong></span> <span class='ocrx_word' id='word_1_104' title='bbox 734 1705 878 1770; x_wconf 87' lang='lat' dir='ltr'><strong>Aliunde,</strong></span> <span class='ocrx_word' id='word_1_105' title='bbox 896 1706 922 1760; x_wconf 92' lang='lat' dir='ltr'><strong>si</strong></span> <span class='ocrx_word' id='word_1_106' title='bbox 937 1720 1040 1762; x_wconf 90' lang='lat' dir='ltr'><strong>sermo</strong></span> <span class='ocrx_word' id='word_1_107' title='bbox 1056 1707 1214 1764; x_wconf 88' lang='lat' dir='ltr'><strong>humanus</strong></span> 
     </span>
     <span class='ocr_line' id='line_1_15' title="bbox 137 1793 1213 1865; baseline 0.004 -16"><span class='ocrx_word' id='word_1_108' title='bbox 137 1794 351 1865; x_wconf 83' lang='lat' dir='ltr'><strong>processisset</strong></span> <span class='ocrx_word' id='word_1_109' title='bbox 370 1809 389 1848; x_wconf 89' lang='lat' dir='ltr'><strong>a</strong></span> <span class='ocrx_word' id='word_1_110' title='bbox 409 1795 476 1849; x_wconf 90' lang='lat' dir='ltr'><strong>solo</strong></span> <span class='ocrx_word' id='word_1_111' title='bbox 491 1794 655 1859; x_wconf 89' lang='lat' dir='ltr'><strong>instinctu,</strong></span> <span class='ocrx_word' id='word_1_112' title='bbox 680 1795 762 1850; x_wconf 87' lang='lat' dir='ltr'><strong>esset</strong></span> <span class='ocrx_word' id='word_1_113' title='bbox 776 1793 992 1850; x_wconf 89' lang='lat' dir='ltr'><strong>immutabilis.</strong></span> <span class='ocrx_word' id='word_1_114' title='bbox 1013 1795 1070 1850; x_wconf 89' lang='lat' dir='ltr'><strong>Sed</strong></span> <span class='ocrx_word' id='word_1_115' title='bbox 1092 1797 1213 1860; x_wconf 89' lang='lat' dir='ltr'><strong>contra,</strong></span> 
     </span>
     <span class='ocr_line' id='line_1_16' title="bbox 138 1881 1212 1950; baseline 0.002 -12"><span class='ocrx_word' id='word_1_116' title='bbox 138 1883 179 1938; x_wconf 90' lang='lat' dir='ltr'><strong>ab</strong></span> <span class='ocrx_word' id='word_1_117' title='bbox 195 1883 301 1946; x_wconf 88' lang='lat' dir='ltr'><strong>initio,</strong></span> <span class='ocrx_word' id='word_1_118' title='bbox 316 1882 431 1950; x_wconf 79' lang='lat' dir='ltr'><strong>liuguae</strong></span> <span class='ocrx_word' id='word_1_119' title='bbox 447 1883 641 1938; x_wconf 88' lang='lat' dir='ltr'><strong>evolvuntur</strong></span> <span class='ocrx_word' id='word_1_120' title='bbox 663 1883 695 1938; x_wconf 91' lang='lat' dir='ltr'><strong>et</strong></span> <span class='ocrx_word' id='word_1_121' title='bbox 708 1883 741 1937; x_wconf 91' lang='lat' dir='ltr'><strong>in</strong></span> <span class='ocrx_word' id='word_1_122' title='bbox 762 1881 840 1938; x_wconf 90' lang='lat' dir='ltr'><strong>alias</strong></span> <span class='ocrx_word' id='word_1_123' title='bbox 857 1883 1036 1938; x_wconf 87' lang='lat' dir='ltr'><strong>mutantur.</strong></span> <span class='ocrx_word' id='word_1_124' title='bbox 1055 1885 1212 1949; x_wconf 83' lang='lat' dir='ltr'><strong>Attamen,</strong></span> 
     </span>
     <span class='ocr_line' id='line_1_17' title="bbox 140 1969 1215 2043; baseline -0.001 -14"><span class='ocrx_word' id='word_1_125' title='bbox 140 1974 221 2029; x_wconf 86' lang='lat' dir='ltr'><strong>siin</strong></span> <span class='ocrx_word' id='word_1_126' title='bbox 245 1973 349 2028; x_wconf 91' lang='lat' dir='ltr'><strong>locum</strong></span> <span class='ocrx_word' id='word_1_127' title='bbox 372 1971 468 2040; x_wconf 84' lang='lat' dir='ltr'><strong>hujus</strong></span> <span class='ocrx_word' id='word_1_128' title='bbox 490 1969 659 2026; x_wconf 79' lang='lat' dir='ltr'><strong>instinctis</strong></span> <span class='ocrx_word' id='word_1_129' title='bbox 681 1971 837 2028; x_wconf 86' lang='lat' dir='ltr'><strong>sufficitur</strong></span> <span class='ocrx_word' id='word_1_130' title='bbox 860 1972 966 2041; x_wconf 88' lang='lat' dir='ltr'><strong>aliqua</strong></span> <span class='ocrx_word' id='word_1_131' title='bbox 980 1973 1148 2043; x_wconf 83' lang='lat' dir='ltr'><strong>inspiratio</strong></span> <span class='ocrx_word' id='word_1_132' title='bbox 1163 1975 1215 2030; x_wconf 86' lang='lat' dir='ltr'><strong>vel</strong></span> 
     </span>
     <span class='ocr_line' id='line_1_18' title="bbox 137 2045 1215 2130; baseline 0 -12"><span class='ocrx_word' id='word_1_133' title='bbox 137 2062 298 2118; x_wconf 83' lang='lat' dir='ltr'><strong>revelatio</strong></span> <span class='ocrx_word' id='word_1_134' title='bbox 312 2061 429 2126; x_wconf 88' lang='lat' dir='ltr'><strong>divina,</strong></span> <span class='ocrx_word' id='word_1_135' title='bbox 446 2060 511 2115; x_wconf 87' lang='lat' dir='ltr'><strong>haec</strong></span> <span class='ocrx_word' id='word_1_136' title='bbox 536 2061 693 2114; x_wconf 88' lang='lat' dir='ltr'><strong>sententia</strong></span> <span class='ocrx_word' id='word_1_137' title='bbox 707 2075 769 2116; x_wconf 91' lang='lat' dir='ltr'><strong>non</strong></span> <span class='ocrx_word' id='word_1_138' title='bbox 784 2060 891 2116; x_wconf 80' lang='lat' dir='ltr'><strong>differt</strong></span> <span class='ocrx_word' id='word_1_139' title='bbox 913 2060 932 2114; x_wconf 77' lang='lat' dir='ltr'><strong>a</strong></span> <span class='ocrx_word' id='word_1_140' title='bbox 956 2045 1066 2130; x_wconf 71' lang='lat' dir='ltr'><strong>ouinta</strong></span> <span class='ocrx_word' id='word_1_141' title='bbox 1083 2062 1116 2118; x_wconf 88' lang='lat' dir='ltr'><strong>et</strong></span> <span class='ocrx_word' id='word_1_142' title='bbox 1138 2077 1215 2118; x_wconf 84' lang='lat' dir='ltr'><strong>vera</strong></span> 
     </span>
     <span class='ocr_line' id='line_1_19' title="bbox 138 2151 366 2208; baseline -0.013 -1"><span class='ocrx_word' id='word_1_143' title='bbox 138 2167 213 2208; x_wconf 89' lang='lat' dir='ltr'><strong>esse</strong></span> <span class='ocrx_word' id='word_1_144' title='bbox 229 2151 366 2206; x_wconf 87' lang='lat' dir='ltr'><strong>videtur.</strong></span> 
     </span>
    </p>
   </div>
   <div class='ocr_carea' id='block_1_5' title="bbox 135 2282 1217 3148">
    <p class='ocr_par' dir='ltr' id='par_1_5' title="bbox 135 2282 1217 2696">
     <span class='ocr_line' id='line_1_20' title="bbox 175 2282 1215 2353; baseline -0.001 -13"><span class='ocrx_word' id='word_1_145' title='bbox 175 2286 242 2340; x_wconf 85' lang='grc'><strong>996.</strong></span> <span class='ocrx_word' id='word_1_146' title='bbox 263 2284 316 2339; x_wconf 88' lang='lat' dir='ltr'><strong>De</strong></span> <span class='ocrx_word' id='word_1_147' title='bbox 339 2283 517 2340; x_wconf 86' lang='lat' dir='ltr'><strong>sermonis</strong></span> <span class='ocrx_word' id='word_1_148' title='bbox 540 2283 679 2353; x_wconf 66' lang='lat' dir='ltr'><strong>origine</strong></span> <span class='ocrx_word' id='word_1_149' title='bbox 702 2297 786 2352; x_wconf 80' lang='lat' dir='ltr'><strong>quae</strong></span> <span class='ocrx_word' id='word_1_150' title='bbox 808 2282 943 2338; x_wconf 85' lang='lat' dir='ltr'><strong>dicitur</strong></span> <span class='ocrx_word' id='word_1_151' title='bbox 965 2284 1155 2339; x_wconf 82' lang='lat' dir='ltr'><strong>naturalis.</strong></span> <span class='ocrx_word' id='word_1_152' title='bbox 1181 2315 1215 2328; x_wconf 92' lang='lat'>-</span> 
     </span>
     <span class='ocr_line' id='line_1_21' title="bbox 135 2371 1214 2444; baseline 0 -14"><span class='ocrx_word' id='word_1_153' title='bbox 135 2373 322 2430; x_wconf 81' lang='lat' dir='ltr'><strong>Secundum</strong></span> <span class='ocrx_word' id='word_1_154' title='bbox 337 2373 503 2443; x_wconf 86' lang='lat' dir='ltr'><strong>plerosque</strong></span> <span class='ocrx_word' id='word_1_155' title='bbox 517 2372 754 2428; x_wconf 90' lang='lat' dir='ltr'><strong>evolutionismi</strong></span> <span class='ocrx_word' id='word_1_156' title='bbox 771 2371 921 2444; x_wconf 73' lang='lat' dir='ltr'><strong>fautores</strong></span> <span class='ocrx_word' id='word_1_157' title='bbox 938 2385 1041 2426; x_wconf 90' lang='lat' dir='ltr'><strong>sermo</strong></span> <span class='ocrx_word' id='word_1_158' title='bbox 1057 2372 1214 2430; x_wconf 90' lang='lat' dir='ltr'><strong>humanus</strong></span> 
     </span>
     <span class='ocr_line' id='line_1_22' title="bbox 138 2459 1214 2532; baseline -0.002 -14"><span class='ocrx_word' id='word_1_159' title='bbox 138 2477 207 2519; x_wconf 88' lang='lat' dir='ltr'><strong>nou</strong></span> <span class='ocrx_word' id='word_1_160' title='bbox 222 2461 343 2532; x_wconf 85' lang='lat' dir='ltr'><strong>statim,</strong></span> <span class='ocrx_word' id='word_1_161' title='bbox 365 2461 418 2516; x_wconf 88' lang='lat' dir='ltr'><strong>sed</strong></span> <span class='ocrx_word' id='word_1_162' title='bbox 442 2461 594 2532; x_wconf 89' lang='lat' dir='ltr'><strong>paulatim</strong></span> <span class='ocrx_word' id='word_1_163' title='bbox 623 2460 815 2516; x_wconf 89' lang='lat' dir='ltr'><strong>constitutus</strong></span> <span class='ocrx_word' id='word_1_164' title='bbox 839 2461 898 2526; x_wconf 88' lang='lat' dir='ltr'><strong>est,</strong></span> <span class='ocrx_word' id='word_1_165' title='bbox 921 2459 1003 2514; x_wconf 89' lang='lat' dir='ltr'><strong>siout</strong></span> <span class='ocrx_word' id='word_1_166' title='bbox 1027 2459 1098 2529; x_wconf 86' lang='lat' dir='ltr'><strong>ipsa</strong></span> <span class='ocrx_word' id='word_1_167' title='bbox 1121 2460 1214 2524; x_wconf 85' lang='lat' dir='ltr'><strong>ratio,</strong></span> 
     </span>
     <span class='ocr_line' id='line_1_23' title="bbox 138 2547 1217 2622; baseline -0.002 -16"><span class='ocrx_word' id='word_1_168' title='bbox 138 2551 249 2622; x_wconf 86' lang='lat' dir='ltr'><strong>primo</strong></span> <span class='ocrx_word' id='word_1_169' title='bbox 273 2549 399 2618; x_wconf 90' lang='lat' dir='ltr'><strong>quidem</strong></span> <span class='ocrx_word' id='word_1_170' title='bbox 423 2549 532 2619; x_wconf 87' lang='lat' dir='ltr'><strong>paucis</strong></span> <span class='ocrx_word' id='word_1_171' title='bbox 554 2548 683 2604; x_wconf 89' lang='lat' dir='ltr'><strong>vocibus</strong></span> <span class='ocrx_word' id='word_1_172' title='bbox 703 2556 735 2603; x_wconf 84' lang='lat' dir='ltr'><strong>et</strong></span> <span class='ocrx_word' id='word_1_173' title='bbox 758 2548 867 2617; x_wconf 80' lang='lat' dir='ltr'><strong>signis,</strong></span> <span class='ocrx_word' id='word_1_174' title='bbox 885 2547 1017 2616; x_wconf 87' lang='lat' dir='ltr'><strong>denique</strong></span> <span class='ocrx_word' id='word_1_175' title='bbox 1047 2548 1155 2604; x_wconf 86' lang='lat' dir='ltr'><strong>multis</strong></span> <span class='ocrx_word' id='word_1_176' title='bbox 1184 2550 1217 2604; x_wconf 88' lang='lat' dir='ltr'><strong>ct</strong></span> 
     </span>
     <span class='ocr_line' id='line_1_24' title="bbox 137 2639 254 2696; baseline -0.017 -2"><span class='ocrx_word' id='word_1_177' title='bbox 137 2639 254 2696; x_wconf 87' lang='lat' dir='ltr'><strong>variis.</strong></span> 
     </span>
    </p>

    <p class='ocr_par' dir='ltr' id='par_1_6' title="bbox 136 2733 1216 3148">
     <span class='ocr_line' id='line_1_25' title="bbox 178 2733 1215 2802; baseline -0.003 -10"><span class='ocrx_word' id='word_1_178' title='bbox 178 2733 317 2792; x_wconf 82' lang='lat' dir='ltr'><strong>Critica.</strong></span> <span class='ocrx_word' id='word_1_179' title='bbox 336 2766 370 2775; x_wconf 94' lang='lat'><em>-</em></span> <span class='ocrx_word' id='word_1_180' title='bbox 385 2735 442 2791; x_wconf 87' lang='lat' dir='ltr'><strong>Sed</strong></span> <span class='ocrx_word' id='word_1_181' title='bbox 457 2733 555 2790; x_wconf 80' lang='lat' dir='ltr'><strong>falsus</strong></span> <span class='ocrx_word' id='word_1_182' title='bbox 569 2735 618 2789; x_wconf 89' lang='lat' dir='ltr'><strong>est</strong></span> <span class='ocrx_word' id='word_1_183' title='bbox 638 2735 911 2798; x_wconf 88' lang='lat' dir='ltr'><strong>evolutionismus,</strong></span> <span class='ocrx_word' id='word_1_184' title='bbox 925 2733 959 2788; x_wconf 91' lang='lat' dir='ltr'><strong>in</strong></span> <span class='ocrx_word' id='word_1_185' title='bbox 980 2748 1041 2802; x_wconf 89' lang='lat' dir='ltr'><strong>quo</strong></span> <span class='ocrx_word' id='word_1_186' title='bbox 1061 2735 1126 2790; x_wconf 89' lang='lat' dir='ltr'><strong>haec</strong></span> <span class='ocrx_word' id='word_1_187' title='bbox 1147 2749 1215 2791; x_wconf 84' lang='lat' dir='ltr'><strong>sen-</strong></span> 
     </span>
     <span class='ocr_line' id='line_1_26' title="bbox 136 2823 1216 2893; baseline -0.004 -9"><span class='ocrx_word' id='word_1_188' title='bbox 136 2826 246 2884; x_wconf 89' lang='lat' dir='ltr'><strong>tentia</strong></span> <span class='ocrx_word' id='word_1_189' title='bbox 260 2825 422 2880; x_wconf 79' lang='lat' dir='ltr'><strong>tundatur.</strong></span> <span class='ocrx_word' id='word_1_190' title='bbox 439 2825 515 2878; x_wconf 89' lang='lat' dir='ltr'><strong>Nam</strong></span> <span class='ocrx_word' id='word_1_191' title='bbox 531 2824 614 2879; x_wconf 90' lang='lat' dir='ltr'><strong>ratio</strong></span> <span class='ocrx_word' id='word_1_192' title='bbox 629 2838 691 2878; x_wconf 91' lang='lat' dir='ltr'><strong>non</strong></span> <span class='ocrx_word' id='word_1_193' title='bbox 706 2838 746 2878; x_wconf 82' lang='lat' dir='ltr'><strong>ex</strong></span> <span class='ocrx_word' id='word_1_194' title='bbox 761 2823 904 2878; x_wconf 87' lang='lat' dir='ltr'><strong>sensibus</strong></span> <span class='ocrx_word' id='word_1_195' title='bbox 925 2824 958 2877; x_wconf 92' lang='lat' dir='ltr'><strong>et</strong></span> <span class='ocrx_word' id='word_1_196' title='bbox 971 2824 1126 2893; x_wconf 90' lang='lat' dir='ltr'><strong>paulatim</strong></span> <span class='ocrx_word' id='word_1_197' title='bbox 1145 2827 1216 2880; x_wconf 92' lang='lat' dir='ltr'><strong>orta</strong></span> 
     </span>
     <span class='ocr_line' id='line_1_27' title="bbox 137 2911 1215 2980; baseline -0.002 -10"><span class='ocrx_word' id='word_1_198' title='bbox 137 2918 204 2978; x_wconf 88' lang='lat' dir='ltr'><strong>est,</strong></span> <span class='ocrx_word' id='word_1_199' title='bbox 224 2913 279 2969; x_wconf 86' lang='lat' dir='ltr'><strong>sed</strong></span> <span class='ocrx_word' id='word_1_200' title='bbox 294 2914 361 2968; x_wconf 90' lang='lat' dir='ltr'><strong>tota</strong></span> <span class='ocrx_word' id='word_1_201' title='bbox 382 2912 491 2968; x_wconf 84' lang='lat' dir='ltr'><strong>extitit</strong></span> <span class='ocrx_word' id='word_1_202' title='bbox 508 2913 547 2966; x_wconf 86' lang='lat' dir='ltr'><strong>ab</strong></span> <span class='ocrx_word' id='word_1_203' title='bbox 570 2911 670 2966; x_wconf 89' lang='lat' dir='ltr'><strong>initio.</strong></span> <span class='ocrx_word' id='word_1_204' title='bbox 692 2911 779 2966; x_wconf 90' lang='lat' dir='ltr'><strong>Unde</strong></span> <span class='ocrx_word' id='word_1_205' title='bbox 794 2911 913 2980; x_wconf 87' lang='lat' dir='ltr'><strong>pariter</strong></span> <span class='ocrx_word' id='word_1_206' title='bbox 934 2925 1038 2966; x_wconf 88' lang='lat' dir='ltr'><strong>sermo</strong></span> <span class='ocrx_word' id='word_1_207' title='bbox 1057 2912 1215 2968; x_wconf 88' lang='lat' dir='ltr'><strong>humanus</strong></span> 
     </span>
     <span class='ocr_line' id='line_1_28' title="bbox 137 2999 1214 3071; baseline -0.004 -13"><span class='ocrx_word' id='word_1_208' title='bbox 137 3015 308 3070; x_wconf 86' lang='lat' dir='ltr'><strong>nunquam</strong></span> <span class='ocrx_word' id='word_1_209' title='bbox 323 3001 433 3064; x_wconf 82' lang='lat' dir='ltr'><strong>defuit,</strong></span> <span class='ocrx_word' id='word_1_210' title='bbox 450 3000 627 3071; x_wconf 82' lang='lat' dir='ltr'><strong>praesertim</strong></span> <span class='ocrx_word' id='word_1_211' title='bbox 643 3001 714 3055; x_wconf 89' lang='lat' dir='ltr'><strong>chm</strong></span> <span class='ocrx_word' id='word_1_212' title='bbox 736 3000 780 3055; x_wconf 90' lang='lat' dir='ltr'><strong>sit</strong></span> <span class='ocrx_word' id='word_1_213' title='bbox 800 2999 941 3054; x_wconf 79' lang='lat' dir='ltr'><strong>societati</strong></span> <span class='ocrx_word' id='word_1_214' title='bbox 962 2999 1126 3055; x_wconf 92' lang='lat' dir='ltr'><strong>homiuum</strong></span> <span class='ocrx_word' id='word_1_215' title='bbox 1141 3015 1214 3056; x_wconf 90' lang='lat' dir='ltr'><strong>om-</strong></span> 
     </span>
     <span class='ocr_line' id='line_1_29' title="bbox 138 3091 443 3148; baseline -0.023 0"><span class='ocrx_word' id='word_1_216' title='bbox 138 3093 220 3148; x_wconf 90' lang='lat' dir='ltr'><strong>nino</strong></span> <span class='ocrx_word' id='word_1_217' title='bbox 236 3091 443 3146; x_wconf 89' lang='lat' dir='ltr'><strong>necessarius.</strong></span> 
     </span>
    </p>
   </div>
   <div class='ocr_carea' id='block_1_6' title="bbox 135 3230 1221 3929">
    <p class='ocr_par' dir='ltr' id='par_1_7' title="bbox 135 3230 1221 3929">
     <span class='ocr_line' id='line_1_30' title="bbox 176 3230 1217 3302; baseline -0.004 -14"><span class='ocrx_word' id='word_1_218' title='bbox 176 3234 249 3288; x_wconf 81' lang='grc'><strong>997.</strong></span> <span class='ocrx_word' id='word_1_219' title='bbox 275 3232 380 3298; x_wconf 74' lang='lat' dir='ltr'><strong>Muta</strong></span> <span class='ocrx_word' id='word_1_220' title='bbox 408 3236 497 3287; x_wconf 85' lang='lat' dir='ltr'><strong>sunt</strong></span> <span class='ocrx_word' id='word_1_221' title='bbox 523 3230 703 3287; x_wconf 86' lang='lat' dir='ltr'><strong>animalia.</strong></span> <span class='ocrx_word' id='word_1_222' title='bbox 728 3261 761 3272; x_wconf 90' lang='lat'><strong>·-</strong></span> <span class='ocrx_word' id='word_1_223' title='bbox 787 3233 951 3293; x_wconf 87' lang='lat' dir='ltr'><strong>Praeterea,</strong></span> <span class='ocrx_word' id='word_1_224' title='bbox 977 3231 1005 3286; x_wconf 90' lang='lat' dir='ltr'><strong>si</strong></span> <span class='ocrx_word' id='word_1_225' title='bbox 1033 3230 1217 3302; x_wconf 87' lang='lat' dir='ltr'><strong>hypothesis</strong></span> 
     </span>
     <span class='ocr_line' id='line_1_31' title="bbox 135 3319 1216 3383; baseline -0.006 -5"><span class='ocrx_word' id='word_1_226' title='bbox 135 3321 382 3378; x_wconf 86' lang='lat' dir='ltr'><strong>evolutionismi</strong></span> <span class='ocrx_word' id='word_1_227' title='bbox 398 3322 482 3376; x_wconf 87' lang='lat' dir='ltr'><strong>esset</strong></span> <span class='ocrx_word' id='word_1_228' title='bbox 494 3335 581 3383; x_wconf 88' lang='lat' dir='ltr'><strong>vera,</strong></span> <span class='ocrx_word' id='word_1_229' title='bbox 594 3335 655 3375; x_wconf 93' lang='lat' dir='ltr'><strong>non</strong></span> <span class='ocrx_word' id='word_1_230' title='bbox 672 3321 800 3375; x_wconf 88' lang='lat' dir='ltr'><strong>videtur</strong></span> <span class='ocrx_word' id='word_1_231' title='bbox 815 3334 872 3374; x_wconf 92' lang='lat' dir='ltr'><strong>our</strong></span> <span class='ocrx_word' id='word_1_232' title='bbox 882 3319 1031 3374; x_wconf 85' lang='lat' dir='ltr'><strong>animalia</strong></span> <span class='ocrx_word' id='word_1_233' title='bbox 1046 3319 1139 3374; x_wconf 88' lang='lat' dir='ltr'><strong>bruta</strong></span> <span class='ocrx_word' id='word_1_234' title='bbox 1153 3331 1216 3373; x_wconf 89' lang='lat' dir='ltr'><strong>uon</strong></span> 
     </span>
     <span class='ocr_line' id='line_1_32' title="bbox 137 3407 1218 3479; baseline -0.004 -13"><span class='ocrx_word' id='word_1_235' title='bbox 137 3411 351 3479; x_wconf 85' lang='lat' dir='ltr'><strong>loquerentur</strong></span> <span class='ocrx_word' id='word_1_236' title='bbox 365 3410 494 3465; x_wconf 88' lang='lat' dir='ltr'><strong>vocibus</strong></span> <span class='ocrx_word' id='word_1_237' title='bbox 513 3410 571 3465; x_wconf 89' lang='lat' dir='ltr'><strong>aut</strong></span> <span class='ocrx_word' id='word_1_238' title='bbox 585 3409 656 3464; x_wconf 89' lang='lat' dir='ltr'><strong>aliis</strong></span> <span class='ocrx_word' id='word_1_239' title='bbox 670 3408 788 3478; x_wconf 83' lang='lat' dir='ltr'><strong>signis;</strong></span> <span class='ocrx_word' id='word_1_240' title='bbox 805 3423 876 3463; x_wconf 89' lang='lat' dir='ltr'><strong>nam</strong></span> <span class='ocrx_word' id='word_1_241' title='bbox 894 3409 994 3463; x_wconf 89' lang='lat' dir='ltr'><strong>multa</strong></span> <span class='ocrx_word' id='word_1_242' title='bbox 1015 3408 1105 3475; x_wconf 79' lang='lat' dir='ltr'><strong>signa</strong></span> <span class='ocrx_word' id='word_1_243' title='bbox 1118 3407 1218 3462; x_wconf 92' lang='lat' dir='ltr'><strong>edunt</strong></span> 
     </span>
     <span class='ocr_line' id='line_1_33' title="bbox 136 3493 1220 3569; baseline -0.004 -13"><span class='ocrx_word' id='word_1_244' title='bbox 136 3503 174 3556; x_wconf 86' lang='lat' dir='ltr'><strong>et</strong></span> <span class='ocrx_word' id='word_1_245' title='bbox 196 3499 447 3569; x_wconf 86' lang='lat' dir='ltr'><strong>apprehendunt.</strong></span> <span class='ocrx_word' id='word_1_246' title='bbox 464 3500 585 3553; x_wconf 80' lang='lat' dir='ltr'><strong>Revera</strong></span> <span class='ocrx_word' id='word_1_247' title='bbox 599 3510 792 3564; x_wconf 85' lang='lat' dir='ltr'><strong>unaquaeque</strong></span> <span class='ocrx_word' id='word_1_248' title='bbox 810 3497 927 3567; x_wconf 87' lang='lat' dir='ltr'><strong>species</strong></span> <span class='ocrx_word' id='word_1_249' title='bbox 942 3493 1127 3550; x_wconf 89' lang='lat' dir='ltr'><strong>animalium</strong></span> <span class='ocrx_word' id='word_1_250' title='bbox 1139 3507 1220 3564; x_wconf 91' lang='lat' dir='ltr'><strong>quo·</strong></span> 
     </span>
     <span class='ocr_line' id='line_1_34' title="bbox 138 3584 1218 3656; baseline -0.005 -12"><span class='ocrx_word' id='word_1_251' title='bbox 138 3590 215 3644; x_wconf 88' lang='lat' dir='ltr'><strong>dam</strong></span> <span class='ocrx_word' id='word_1_252' title='bbox 252 3587 422 3656; x_wconf 87' lang='lat' dir='ltr'><strong>systemate</strong></span> <span class='ocrx_word' id='word_1_253' title='bbox 447 3587 608 3655; x_wconf 84' lang='lat' dir='ltr'><strong>signorum</strong></span> <span class='ocrx_word' id='word_1_254' title='bbox 645 3585 756 3648; x_wconf 87' lang='lat' dir='ltr'><strong>utitur,</strong></span> <span class='ocrx_word' id='word_1_255' title='bbox 792 3585 860 3640; x_wconf 84' lang='lat' dir='ltr'><strong>sive</strong></span> <span class='ocrx_word' id='word_1_256' title='bbox 892 3599 933 3640; x_wconf 81' lang='lat' dir='ltr'><strong>ex</strong></span> <span class='ocrx_word' id='word_1_257' title='bbox 964 3584 1116 3639; x_wconf 89' lang='lat' dir='ltr'><strong>instinctu</strong></span> <span class='ocrx_word' id='word_1_258' title='bbox 1149 3584 1218 3639; x_wconf 88' lang='lat' dir='ltr'><strong>sive</strong></span> 
     </span>
     <span class='ocr_line' id='line_1_35' title="bbox 139 3673 1219 3751; baseline -0.005 -18"><span class='ocrx_word' id='word_1_259' title='bbox 139 3677 280 3751; x_wconf 85' lang='lat' dir='ltr'><strong>propter</strong></span> <span class='ocrx_word' id='word_1_260' title='bbox 309 3675 477 3744; x_wconf 86' lang='lat' dir='ltr'><strong>quamdam</strong></span> <span class='ocrx_word' id='word_1_261' title='bbox 518 3673 754 3744; x_wconf 81' lang='lat' dir='ltr'><strong>experientiam.</strong></span> <span class='ocrx_word' id='word_1_262' title='bbox 790 3675 937 3728; x_wconf 87' lang='lat' dir='ltr'><strong>Attamen</strong></span> <span class='ocrx_word' id='word_1_263' title='bbox 973 3673 1123 3728; x_wconf 89' lang='lat' dir='ltr'><strong>animalia</strong></span> <span class='ocrx_word' id='word_1_264' title='bbox 1156 3687 1219 3728; x_wconf 90' lang='lat' dir='ltr'><strong>nou</strong></span> 
     </span>
     <span class='ocr_line' id='line_1_36' title="bbox 139 3760 1220 3837; baseline -0.006 -14"><span class='ocrx_word' id='word_1_265' title='bbox 139 3766 322 3837; x_wconf 88' lang='lat' dir='ltr'><strong>loquuntur</strong></span> <span class='ocrx_word' id='word_1_266' title='bbox 338 3765 466 3834; x_wconf 87' lang='lat' dir='ltr'><strong>proprie</strong></span> <span class='ocrx_word' id='word_1_267' title='bbox 490 3764 544 3819; x_wconf 89' lang='lat' dir='ltr'><strong>sed</strong></span> <span class='ocrx_word' id='word_1_268' title='bbox 558 3777 633 3818; x_wconf 83' lang='lat' dir='ltr'><strong>vere</strong></span> <span class='ocrx_word' id='word_1_269' title='bbox 649 3764 737 3818; x_wconf 90' lang='lat' dir='ltr'><strong>muta</strong></span> <span class='ocrx_word' id='word_1_270' title='bbox 760 3761 919 3825; x_wconf 89' lang='lat' dir='ltr'><strong>dicuntur,</strong></span> <span class='ocrx_word' id='word_1_271' title='bbox 935 3761 1010 3830; x_wconf 89' lang='lat' dir='ltr'><strong>quia</strong></span> <span class='ocrx_word' id='word_1_272' title='bbox 1028 3761 1068 3816; x_wconf 93' lang='lat' dir='ltr'><strong>de</strong></span> <span class='ocrx_word' id='word_1_273' title='bbox 1082 3760 1220 3817; x_wconf 76' lang='lat' dir='ltr'><strong>essentia</strong></span> 
     </span>
     <span class='ocr_line' id='line_1_37' title="bbox 138 3849 1221 3929; baseline -0.006 -16"><span class='ocrx_word' id='word_1_274' title='bbox 138 3854 302 3913; x_wconf 88' lang='lat' dir='ltr'><strong>sermonis</strong></span> <span class='ocrx_word' id='word_1_275' title='bbox 316 3855 366 3910; x_wconf 89' lang='lat' dir='ltr'><strong>est</strong></span> <span class='ocrx_word' id='word_1_276' title='bbox 379 3856 416 3908; x_wconf 92' lang='lat' dir='ltr'><strong>ut</strong></span> <span class='ocrx_word' id='word_1_277' title='bbox 430 3867 493 3908; x_wconf 82' lang='lat' dir='ltr'><strong>vox</strong></span> <span class='ocrx_word' id='word_1_278' title='bbox 506 3852 557 3908; x_wconf 86' lang='lat' dir='ltr'><strong>vel</strong></span> <span class='ocrx_word' id='word_1_279' title='bbox 573 3851 658 3907; x_wconf 91' lang='lat' dir='ltr'><strong>aliud</strong></span> <span class='ocrx_word' id='word_1_280' title='bbox 673 3851 797 3919; x_wconf 80' lang='lat' dir='ltr'><strong>signum</strong></span> <span class='ocrx_word' id='word_1_281' title='bbox 814 3850 962 3929; x_wconf 86' lang='lat' dir='ltr'><strong>sensibile</strong></span> <span class='ocrx_word' id='word_1_282' title='bbox 975 3849 1077 3906; x_wconf 88' lang='lat' dir='ltr'><strong>ideam</strong></span> <span class='ocrx_word' id='word_1_283' title='bbox 1093 3850 1221 3906; x_wconf 86' lang='lat' dir='ltr'><strong>uuiver-</strong></span> 
     </span>
    </p>
   </div>
   <div class='ocr_carea' id='block_1_7' title="bbox 0 0 1425 4550">
    <p class='ocr_par' dir='ltr' id='par_1_8' title="bbox 0 0 1425 4550">
     <span class='ocr_line' id='line_1_38' title="bbox 0 0 1425 4550; baseline 0 0"><span class='ocrx_word' id='word_1_284' title='bbox 0 0 1425 4550; x_wconf 95' lang='lat' dir='ltr'><strong> </strong></span> 
     </span>
    </p>
   </div>
  </div>
 </body>
</html>
