<?xml version="1.0" encoding="UTF-8"?>
<!DOCTYPE html PUBLIC "-//W3C//DTD XHTML 1.0 Transitional//EN"
    "http://www.w3.org/TR/xhtml1/DTD/xhtml1-transitional.dtd">
<html xmlns="http://www.w3.org/1999/xhtml" xml:lang="en" lang="en">
 <head>
  <title>
</title>
<meta http-equiv="Content-Type" content="text/html;charset=utf-8" />
  <meta name='ocr-system' content='tesseract 3.04.00' />
  <meta name='ocr-capabilities' content='ocr_page ocr_carea ocr_par ocr_line ocrx_word'/>
</head>
<body>
  <div class='ocr_page' id='page_1' title='image "./manualephilosop00blangoog_0241.png"; bbox 0 0 2790 4546; ppageno 0'>
   <div class='ocr_carea' id='block_1_1' title="bbox 238 359 840 415">
    <p class='ocr_par' dir='ltr' id='par_1_1' title="bbox 238 359 840 415">
     <span class='ocr_line' id='line_1_1' title="bbox 238 359 840 415; baseline -0.002 0"><span class='ocrx_word' id='word_1_1' title='bbox 238 359 293 415; x_wconf 78' lang='lat'><strong>240</strong></span> <span class='ocrx_word' id='word_1_2' title='bbox 723 373 840 415; x_wconf 79' lang='lat' dir='ltr'><strong>nrnrcs</strong></span> 
     </span>
    </p>
   </div>
   <div class='ocr_carea' id='block_1_2' title="bbox 236 479 1294 1084">
    <p class='ocr_par' dir='ltr' id='par_1_2' title="bbox 236 479 1294 1084">
     <span class='ocr_line' id='line_1_2' title="bbox 236 479 1292 556; baseline -0.001 -16"><span class='ocrx_word' id='word_1_3' title='bbox 236 482 345 540; x_wconf 87' lang='lat' dir='ltr'><strong>sertim</strong></span> <span class='ocrx_word' id='word_1_4' title='bbox 368 483 505 538; x_wconf 85' lang='lat' dir='ltr'><strong>officium</strong></span> <span class='ocrx_word' id='word_1_5' title='bbox 520 496 575 540; x_wconf 89' lang='lat' dir='ltr'><strong>seu</strong></span> <span class='ocrx_word' id='word_1_6' title='bbox 590 481 731 538; x_wconf 89' lang='lat' dir='ltr'><strong>debitum</strong></span> <span class='ocrx_word' id='word_1_7' title='bbox 747 483 787 552; x_wconf 88' lang='lat' dir='ltr'><strong>(le</strong></span> <span class='ocrx_word' id='word_1_8' title='bbox 809 479 928 552; x_wconf 79' lang='lat' dir='ltr'><strong><em>devoir)</em></strong></span> <span class='ocrx_word' id='word_1_9' title='bbox 944 497 1012 540; x_wconf 84' lang='lat' dir='ltr'><strong>esse</strong></span> <span class='ocrx_word' id='word_1_10' title='bbox 1031 484 1218 556; x_wconf 91' lang='lat' dir='ltr'><strong>principium</strong></span> <span class='ocrx_word' id='word_1_11' title='bbox 1233 485 1292 542; x_wconf 86' lang='lat' dir='ltr'><strong>boni</strong></span> 
     </span>
     <span class='ocr_line' id='line_1_3' title="bbox 237 571 1293 646; baseline 0.002 -20"><span class='ocrx_word' id='word_1_12' title='bbox 237 572 371 638; x_wconf 80' lang='lat' dir='ltr'><strong>honesti,</strong></span> <span class='ocrx_word' id='word_1_13' title='bbox 393 585 455 627; x_wconf 91' lang='lat' dir='ltr'><strong>non</strong></span> <span class='ocrx_word' id='word_1_14' title='bbox 479 573 584 628; x_wconf 87' lang='lat' dir='ltr'><strong>autem</strong></span> <span class='ocrx_word' id='word_1_15' title='bbox 608 584 796 628; x_wconf 81' lang='lat' dir='ltr'><strong>econverso</strong></span> <span class='ocrx_word' id='word_1_16' title='bbox 813 571 929 628; x_wconf 89' lang='lat' dir='ltr'><strong>bonum</strong></span> <span class='ocrx_word' id='word_1_17' title='bbox 952 572 1118 628; x_wconf 87' lang='lat' dir='ltr'><strong>honestum</strong></span> <span class='ocrx_word' id='word_1_18' title='bbox 1142 587 1206 630; x_wconf 87' lang='lat' dir='ltr'><strong>esse</strong></span> <span class='ocrx_word' id='word_1_19' title='bbox 1222 575 1293 646; x_wconf 87' lang='lat' dir='ltr'><strong>prin-</strong></span> 
     </span>
     <span class='ocr_line' id='line_1_4' title="bbox 236 647 1291 732; baseline 0.001 -17"><span class='ocrx_word' id='word_1_20' title='bbox 236 661 354 732; x_wconf 91' lang='lat' dir='ltr'><strong>cipium</strong></span> <span class='ocrx_word' id='word_1_21' title='bbox 375 661 489 727; x_wconf 87' lang='lat' dir='ltr'><strong>officii;</strong></span> <span class='ocrx_word' id='word_1_22' title='bbox 520 659 602 715; x_wconf 90' lang='lat' dir='ltr'><strong>unde</strong></span> <span class='ocrx_word' id='word_1_23' title='bbox 628 647 744 715; x_wconf 85' lang='lat' dir='ltr'><strong>bonum</strong></span> <span class='ocrx_word' id='word_1_24' title='bbox 767 661 851 716; x_wconf 84' lang='lat' dir='ltr'><strong>esset</strong></span> <span class='ocrx_word' id='word_1_25' title='bbox 870 660 1038 716; x_wconf 90' lang='lat' dir='ltr'><strong>honestum</strong></span> <span class='ocrx_word' id='word_1_26' title='bbox 1060 663 1135 731; x_wconf 89' lang='lat' dir='ltr'><strong>quia</strong></span> <span class='ocrx_word' id='word_1_27' title='bbox 1158 662 1291 727; x_wconf 87' lang='lat' dir='ltr'><strong>debitum,</strong></span> 
     </span>
     <span class='ocr_line' id='line_1_5' title="bbox 236 747 1293 820; baseline -0.001 -15"><span class='ocrx_word' id='word_1_28' title='bbox 236 764 298 805; x_wconf 94' lang='lat' dir='ltr'><strong>non</strong></span> <span class='ocrx_word' id='word_1_29' title='bbox 322 750 427 805; x_wconf 87' lang='lat' dir='ltr'><strong>autem</strong></span> <span class='ocrx_word' id='word_1_30' title='bbox 453 749 535 805; x_wconf 90' lang='lat' dir='ltr'><strong>esset</strong></span> <span class='ocrx_word' id='word_1_31' title='bbox 550 748 689 804; x_wconf 88' lang='lat' dir='ltr'><strong>debitum</strong></span> <span class='ocrx_word' id='word_1_32' title='bbox 705 748 779 817; x_wconf 87' lang='lat' dir='ltr'><strong>qnia</strong></span> <span class='ocrx_word' id='word_1_33' title='bbox 794 747 972 804; x_wconf 89' lang='lat' dir='ltr'><strong>honestum.</strong></span> <span class='ocrx_word' id='word_1_34' title='bbox 988 749 1066 806; x_wconf 87' lang='lat' dir='ltr'><strong>Aliis</strong></span> <span class='ocrx_word' id='word_1_35' title='bbox 1081 750 1185 806; x_wconf 84' lang='lat' dir='ltr'><strong>verbis</strong></span> <span class='ocrx_word' id='word_1_36' title='bbox 1198 750 1293 820; x_wconf 83' lang='lat' dir='ltr'><strong>regula</strong></span> 
     </span>
     <span class='ocr_line' id='line_1_6' title="bbox 237 836 1293 908; baseline -0.003 -15"><span class='ocrx_word' id='word_1_37' title='bbox 237 850 386 908; x_wconf 89' lang='lat' dir='ltr'><strong>suprema</strong></span> <span class='ocrx_word' id='word_1_38' title='bbox 401 852 524 893; x_wconf 89' lang='lat' dir='ltr'><strong>morum</strong></span> <span class='ocrx_word' id='word_1_39' title='bbox 548 851 611 892; x_wconf 92' lang='lat' dir='ltr'><strong>non</strong></span> <span class='ocrx_word' id='word_1_40' title='bbox 635 838 717 893; x_wconf 85' lang='lat' dir='ltr'><strong>esset</strong></span> <span class='ocrx_word' id='word_1_41' title='bbox 739 836 918 907; x_wconf 85' lang='lat' dir='ltr'><strong>accipienda</strong></span> <span class='ocrx_word' id='word_1_42' title='bbox 944 837 982 891; x_wconf 91' lang='lat' dir='ltr'><strong>ab</strong></span> <span class='ocrx_word' id='word_1_43' title='bbox 1007 837 1129 906; x_wconf 88' lang='lat' dir='ltr'><strong>objecto</strong></span> <span class='ocrx_word' id='word_1_44' title='bbox 1153 839 1226 894; x_wconf 89' lang='lat' dir='ltr'><strong>bono</strong></span> <span class='ocrx_word' id='word_1_45' title='bbox 1245 851 1293 892; x_wconf 88' lang='lat' dir='ltr'><strong>scu</strong></span> 
     </span>
     <span class='ocr_line' id='line_1_7' title="bbox 238 925 1294 997; baseline 0 -17"><span class='ocrx_word' id='word_1_46' title='bbox 238 925 379 992; x_wconf 85' lang='lat' dir='ltr'><strong>honeste,</strong></span> <span class='ocrx_word' id='word_1_47' title='bbox 394 925 448 981; x_wconf 90' lang='lat' dir='ltr'><strong>sed</strong></span> <span class='ocrx_word' id='word_1_48' title='bbox 463 925 501 980; x_wconf 90' lang='lat' dir='ltr'><strong>ab</strong></span> <span class='ocrx_word' id='word_1_49' title='bbox 511 925 582 997; x_wconf 73' lang='lat' dir='ltr'><strong>ipsa</strong></span> <span class='ocrx_word' id='word_1_50' title='bbox 596 925 769 989; x_wconf 87' lang='lat' dir='ltr'><strong>voluntate,</strong></span> <span class='ocrx_word' id='word_1_51' title='bbox 785 937 853 993; x_wconf 84' lang='lat' dir='ltr'><strong>quae</strong></span> <span class='ocrx_word' id='word_1_52' title='bbox 868 940 924 996; x_wconf 88' lang='lat' dir='ltr'><strong>per</strong></span> <span class='ocrx_word' id='word_1_53' title='bbox 940 925 1075 996; x_wconf 79' lang='lat' dir='ltr'><strong>seipsam</strong></span> <span class='ocrx_word' id='word_1_54' title='bbox 1091 929 1171 983; x_wconf 88' lang='lat' dir='ltr'><strong>esset</strong></span> <span class='ocrx_word' id='word_1_55' title='bbox 1184 927 1255 982; x_wconf 86' lang='lat' dir='ltr'><strong>bona</strong></span> <span class='ocrx_word' id='word_1_56' title='bbox 1267 928 1294 980; x_wconf 92' lang='lat' dir='ltr'><strong>et</strong></span> 
     </span>
     <span class='ocr_line' id='line_1_8' title="bbox 236 1014 733 1084; baseline 0 -15"><span class='ocrx_word' id='word_1_57' title='bbox 236 1014 410 1071; x_wconf 86' lang='lat' dir='ltr'><strong>bonitatem</strong></span> <span class='ocrx_word' id='word_1_58' title='bbox 426 1014 547 1084; x_wconf 85' lang='lat' dir='ltr'><strong>objecto</strong></span> <span class='ocrx_word' id='word_1_59' title='bbox 567 1014 733 1070; x_wconf 83' lang='lat' dir='ltr'><strong>conterret.</strong></span> 
     </span>
    </p>
   </div>
   <div class='ocr_carea' id='block_1_3' title="bbox 236 1165 1294 2302">
    <p class='ocr_par' dir='ltr' id='par_1_3' title="bbox 236 1165 1294 2302">
     <span class='ocr_line' id='line_1_9' title="bbox 274 1165 1291 1236; baseline -0.002 -13"><span class='ocrx_word' id='word_1_60' title='bbox 274 1167 352 1223; x_wconf 75' lang='lat'>1235.</span> <span class='ocrx_word' id='word_1_61' title='bbox 369 1167 514 1223; x_wconf 83' lang='lat' dir='ltr'><strong>critica.</strong></span> <span class='ocrx_word' id='word_1_62' title='bbox 529 1197 563 1206; x_wconf 94' lang='lat'>—</span> <span class='ocrx_word' id='word_1_63' title='bbox 578 1165 767 1222; x_wconf 86' lang='lat' dir='ltr'><strong>Gravissime</strong></span> <span class='ocrx_word' id='word_1_64' title='bbox 781 1165 901 1222; x_wconf 88' lang='lat' dir='ltr'><strong>erravit</strong></span> <span class='ocrx_word' id='word_1_65' title='bbox 916 1167 1048 1222; x_wconf 85' lang='lat' dir='ltr'><strong>Kaniius</strong></span> <span class='ocrx_word' id='word_1_66' title='bbox 1064 1168 1134 1222; x_wconf 85' lang='lat' dir='ltr'><strong>ehm</strong></span> <span class='ocrx_word' id='word_1_67' title='bbox 1150 1168 1291 1236; x_wconf 86' lang='lat' dir='ltr'><strong>explicare</strong></span> 
     </span>
     <span class='ocr_line' id='line_1_10' title="bbox 238 1255 1294 1326; baseline -0.002 -14"><span class='ocrx_word' id='word_1_68' title='bbox 238 1256 397 1312; x_wconf 81' lang='lat' dir='ltr'><strong>contendit</strong></span> <span class='ocrx_word' id='word_1_69' title='bbox 417 1255 533 1311; x_wconf 89' lang='lat' dir='ltr'><strong>honum</strong></span> <span class='ocrx_word' id='word_1_70' title='bbox 549 1256 716 1311; x_wconf 88' lang='lat' dir='ltr'><strong>honestum</strong></span> <span class='ocrx_word' id='word_1_71' title='bbox 736 1269 793 1326; x_wconf 89' lang='lat' dir='ltr'><strong>per</strong></span> <span class='ocrx_word' id='word_1_72' title='bbox 817 1255 929 1310; x_wconf 88' lang='lat' dir='ltr'><strong>bonam</strong></span> <span class='ocrx_word' id='word_1_73' title='bbox 949 1257 1145 1311; x_wconf 84' lang='lat' dir='ltr'><strong>voluntatem</strong></span> <span class='ocrx_word' id='word_1_74' title='bbox 1167 1257 1215 1312; x_wconf 85' lang='lat' dir='ltr'><strong>vel</strong></span> <span class='ocrx_word' id='word_1_75' title='bbox 1232 1255 1294 1310; x_wconf 87' lang='lat' dir='ltr'><strong>offi-</strong></span> 
     </span>
     <span class='ocr_line' id='line_1_11' title="bbox 236 1343 1293 1412; baseline -0.002 -11"><span class='ocrx_word' id='word_1_76' title='bbox 236 1346 339 1402; x_wconf 89' lang='lat' dir='ltr'><strong>cium:</strong></span> <span class='ocrx_word' id='word_1_77' title='bbox 358 1359 442 1410; x_wconf 87' lang='lat' dir='ltr'><strong>nam,</strong></span> <span class='ocrx_word' id='word_1_78' title='bbox 457 1359 473 1399; x_wconf 90' lang='lat' dir='ltr'><strong>e</strong></span> <span class='ocrx_word' id='word_1_79' title='bbox 489 1358 651 1411; x_wconf 85' lang='lat' dir='ltr'><strong>converso,</strong></span> <span class='ocrx_word' id='word_1_80' title='bbox 667 1345 814 1400; x_wconf 88' lang='lat' dir='ltr'><strong>voluntas</strong></span> <span class='ocrx_word' id='word_1_81' title='bbox 829 1347 876 1400; x_wconf 87' lang='lat' dir='ltr'><strong>cst</strong></span> <span class='ocrx_word' id='word_1_82' title='bbox 891 1343 972 1400; x_wconf 87' lang='lat' dir='ltr'><strong>bona</strong></span> <span class='ocrx_word' id='word_1_83' title='bbox 987 1345 1061 1412; x_wconf 85' lang='lat' dir='ltr'><strong>quia</strong></span> <span class='ocrx_word' id='word_1_84' title='bbox 1077 1345 1214 1400; x_wconf 76' lang='lat' dir='ltr'><strong>adhaeret</strong></span> <span class='ocrx_word' id='word_1_85' title='bbox 1225 1345 1293 1400; x_wconf 90' lang='lat' dir='ltr'><strong>bono</strong></span> 
     </span>
     <span class='ocr_line' id='line_1_12' title="bbox 238 1433 1294 1504; baseline 0 -16"><span class='ocrx_word' id='word_1_86' title='bbox 238 1434 380 1502; x_wconf 90' lang='lat' dir='ltr'><strong>honesto,</strong></span> <span class='ocrx_word' id='word_1_87' title='bbox 396 1433 478 1502; x_wconf 88' lang='lat' dir='ltr'><strong>quod</strong></span> <span class='ocrx_word' id='word_1_88' title='bbox 497 1434 580 1490; x_wconf 88' lang='lat' dir='ltr'><strong>ratio</strong></span> <span class='ocrx_word' id='word_1_89' title='bbox 603 1433 829 1504; x_wconf 75' lang='lat' dir='ltr'><strong>apprehendit,</strong></span> <span class='ocrx_word' id='word_1_90' title='bbox 850 1434 882 1489; x_wconf 88' lang='lat' dir='ltr'><strong>et</strong></span> <span class='ocrx_word' id='word_1_91' title='bbox 902 1433 1040 1489; x_wconf 87' lang='lat' dir='ltr'><strong>officium</strong></span> <span class='ocrx_word' id='word_1_92' title='bbox 1063 1434 1235 1490; x_wconf 87' lang='lat' dir='ltr'><strong>declaratur</strong></span> <span class='ocrx_word' id='word_1_93' title='bbox 1247 1447 1294 1502; x_wconf 88' lang='lat' dir='ltr'><strong>par</strong></span> 
     </span>
     <span class='ocr_line' id='line_1_13' title="bbox 237 1521 1293 1598; baseline -0.002 -22"><span class='ocrx_word' id='word_1_94' title='bbox 237 1521 321 1577; x_wconf 88' lang='lat' dir='ltr'><strong>idem</strong></span> <span class='ocrx_word' id='word_1_95' title='bbox 332 1522 457 1588; x_wconf 89' lang='lat' dir='ltr'><strong>bonum,</strong></span> <span class='ocrx_word' id='word_1_96' title='bbox 470 1523 552 1591; x_wconf 88' lang='lat' dir='ltr'><strong>quod</strong></span> <span class='ocrx_word' id='word_1_97' title='bbox 567 1535 585 1576; x_wconf 98' lang='lat' dir='ltr'><strong>a</strong></span> <span class='ocrx_word' id='word_1_98' title='bbox 598 1522 686 1577; x_wconf 91' lang='lat' dir='ltr'><strong>nobis</strong></span> <span class='ocrx_word' id='word_1_99' title='bbox 700 1536 762 1598; x_wconf 89' lang='lat' dir='ltr'><strong>non</strong></span> <span class='ocrx_word' id='word_1_100' title='bbox 779 1521 940 1590; x_wconf 85' lang='lat' dir='ltr'><strong>dependet.</strong></span> <span class='ocrx_word' id='word_1_101' title='bbox 950 1523 1029 1578; x_wconf 85' lang='lat' dir='ltr'><strong>Sane</strong></span> <span class='ocrx_word' id='word_1_102' title='bbox 1038 1525 1149 1592; x_wconf 83' lang='lat' dir='ltr'><strong>regula</strong></span> <span class='ocrx_word' id='word_1_103' title='bbox 1161 1523 1293 1592; x_wconf 83' lang='lat' dir='ltr'><strong>proxima</strong></span> 
     </span>
     <span class='ocr_line' id='line_1_14' title="bbox 239 1610 1293 1680; baseline -0.002 -14"><span class='ocrx_word' id='word_1_104' title='bbox 239 1625 363 1666; x_wconf 89' lang='lat' dir='ltr'><strong>morum</strong></span> <span class='ocrx_word' id='word_1_105' title='bbox 379 1613 426 1666; x_wconf 86' lang='lat' dir='ltr'><strong>est</strong></span> <span class='ocrx_word' id='word_1_106' title='bbox 440 1611 526 1667; x_wconf 89' lang='lat' dir='ltr'><strong>intra</strong></span> <span class='ocrx_word' id='word_1_107' title='bbox 546 1625 601 1666; x_wconf 90' lang='lat' dir='ltr'><strong>nos</strong></span> <span class='ocrx_word' id='word_1_108' title='bbox 628 1613 660 1667; x_wconf 86' lang='lat' dir='ltr'><strong>et</strong></span> <span class='ocrx_word' id='word_1_109' title='bbox 683 1624 745 1665; x_wconf 91' lang='lat' dir='ltr'><strong>non</strong></span> <span class='ocrx_word' id='word_1_110' title='bbox 769 1611 874 1666; x_wconf 83' lang='lat' dir='ltr'><strong>differt</strong></span> <span class='ocrx_word' id='word_1_111' title='bbox 897 1625 916 1666; x_wconf 88' lang='lat' dir='ltr'><strong>a</strong></span> <span class='ocrx_word' id='word_1_112' title='bbox 936 1610 1060 1666; x_wconf 86' lang='lat' dir='ltr'><strong>ratione</strong></span> <span class='ocrx_word' id='word_1_113' title='bbox 1083 1610 1218 1680; x_wconf 77' lang='lat' dir='ltr'><strong>practica</strong></span> <span class='ocrx_word' id='word_1_114' title='bbox 1234 1611 1293 1666; x_wconf 84' lang='lat' dir='ltr'><strong>sive</strong></span> 
     </span>
     <span class='ocr_line' id='line_1_15' title="bbox 238 1699 1293 1770; baseline -0.003 -15"><span class='ocrx_word' id='word_1_115' title='bbox 238 1699 442 1765; x_wconf 78' lang='lat' dir='ltr'><strong>conscientia;</strong></span> <span class='ocrx_word' id='word_1_116' title='bbox 459 1700 512 1756; x_wconf 88' lang='lat' dir='ltr'><strong>sod</strong></span> <span class='ocrx_word' id='word_1_117' title='bbox 528 1701 637 1769; x_wconf 79' lang='lat' dir='ltr'><strong>regula</strong></span> <span class='ocrx_word' id='word_1_118' title='bbox 651 1699 755 1770; x_wconf 86' lang='lat' dir='ltr'><strong>prima</strong></span> <span class='ocrx_word' id='word_1_119' title='bbox 770 1713 832 1754; x_wconf 92' lang='lat' dir='ltr'><strong>non</strong></span> <span class='ocrx_word' id='word_1_120' title='bbox 847 1700 895 1754; x_wconf 87' lang='lat' dir='ltr'><strong>est</strong></span> <span class='ocrx_word' id='word_1_121' title='bbox 910 1699 994 1754; x_wconf 85' lang='lat' dir='ltr'><strong>intra</strong></span> <span class='ocrx_word' id='word_1_122' title='bbox 1010 1713 1077 1763; x_wconf 89' lang='lat' dir='ltr'><strong>nos,</strong></span> <span class='ocrx_word' id='word_1_123' title='bbox 1090 1700 1161 1756; x_wconf 83' lang='lat' dir='ltr'><strong>cnm</strong></span> <span class='ocrx_word' id='word_1_124' title='bbox 1174 1714 1231 1756; x_wconf 93' lang='lat' dir='ltr'><strong>non</strong></span> <span class='ocrx_word' id='word_1_125' title='bbox 1244 1699 1293 1754; x_wconf 88' lang='lat' dir='ltr'><strong>dil·</strong></span> 
     </span>
     <span class='ocr_line' id='line_1_16' title="bbox 238 1786 1290 1859; baseline -0.001 -17"><span class='ocrx_word' id='word_1_126' title='bbox 238 1786 320 1844; x_wconf 85' lang='lat' dir='ltr'><strong>ierat</strong></span> <span class='ocrx_word' id='word_1_127' title='bbox 334 1803 352 1844; x_wconf 89' lang='lat' dir='ltr'><strong>a</strong></span> <span class='ocrx_word' id='word_1_128' title='bbox 367 1789 433 1856; x_wconf 82' lang='lat' dir='ltr'><strong>lege</strong></span> <span class='ocrx_word' id='word_1_129' title='bbox 445 1788 563 1845; x_wconf 75' lang='lat' dir='ltr'><strong>aeternis</strong></span> <span class='ocrx_word' id='word_1_130' title='bbox 575 1788 653 1845; x_wconf 89' lang='lat' dir='ltr'><strong>etab</strong></span> <span class='ocrx_word' id='word_1_131' title='bbox 668 1789 737 1859; x_wconf 89' lang='lat' dir='ltr'><strong>ipso</strong></span> <span class='ocrx_word' id='word_1_132' title='bbox 752 1791 823 1854; x_wconf 85' lang='lat' dir='ltr'><strong>Deo,</strong></span> <span class='ocrx_word' id='word_1_133' title='bbox 840 1788 876 1843; x_wconf 88' lang='lat' dir='ltr'><strong>ut</strong></span> <span class='ocrx_word' id='word_1_134' title='bbox 890 1788 1008 1844; x_wconf 88' lang='lat' dir='ltr'><strong>dictum</strong></span> <span class='ocrx_word' id='word_1_135' title='bbox 1025 1789 1081 1844; x_wconf 87' lang='lat' dir='ltr'><strong>est.</strong></span> <span class='ocrx_word' id='word_1_136' title='bbox 1099 1789 1188 1845; x_wconf 83' lang='lat' dir='ltr'><strong>Ratio</strong></span> <span class='ocrx_word' id='word_1_137' title='bbox 1200 1789 1290 1843; x_wconf 86' lang='lat' dir='ltr'><strong>autem</strong></span> 
     </span>
     <span class='ocr_line' id='line_1_17' title="bbox 238 1877 1292 1948; baseline -0.001 -15"><span class='ocrx_word' id='word_1_138' title='bbox 238 1877 347 1934; x_wconf 88' lang='lat' dir='ltr'><strong>nostra</strong></span> <span class='ocrx_word' id='word_1_139' title='bbox 366 1891 547 1933; x_wconf 85' lang='lat' dir='ltr'><strong>mensuram</strong></span> <span class='ocrx_word' id='word_1_140' title='bbox 562 1878 594 1934; x_wconf 90' lang='lat' dir='ltr'><strong>et</strong></span> <span class='ocrx_word' id='word_1_141' title='bbox 611 1879 751 1947; x_wconf 86' lang='lat' dir='ltr'><strong>regulam</strong></span> <span class='ocrx_word' id='word_1_142' title='bbox 764 1878 905 1948; x_wconf 88' lang='lat' dir='ltr'><strong>accipere</strong></span> <span class='ocrx_word' id='word_1_143' title='bbox 920 1877 1012 1933; x_wconf 89' lang='lat' dir='ltr'><strong>debet</strong></span> <span class='ocrx_word' id='word_1_144' title='bbox 1026 1892 1044 1933; x_wconf 86' lang='lat' dir='ltr'><strong>a</strong></span> <span class='ocrx_word' id='word_1_145' title='bbox 1058 1878 1191 1934; x_wconf 86' lang='lat' dir='ltr'><strong>veritate</strong></span> <span class='ocrx_word' id='word_1_146' title='bbox 1205 1877 1292 1946; x_wconf 85' lang='lat' dir='ltr'><strong>objec-</strong></span> 
     </span>
     <span class='ocr_line' id='line_1_18' title="bbox 238 1964 1291 2037; baseline -0.004 -17"><span class='ocrx_word' id='word_1_147' title='bbox 238 1965 315 2021; x_wconf 73' lang='lat' dir='ltr'><strong>tiva.</strong></span> <span class='ocrx_word' id='word_1_148' title='bbox 332 1965 418 2021; x_wconf 87' lang='lat' dir='ltr'><strong>Unde</strong></span> <span class='ocrx_word' id='word_1_149' title='bbox 437 1967 637 2031; x_wconf 89' lang='lat' dir='ltr'><strong>conscicntia,</strong></span> <span class='ocrx_word' id='word_1_150' title='bbox 657 1967 724 2022; x_wconf 90' lang='lat' dir='ltr'><strong>sive</strong></span> <span class='ocrx_word' id='word_1_151' title='bbox 745 1966 787 2022; x_wconf 86' lang='lat' dir='ltr'><strong>sit</strong></span> <span class='ocrx_word' id='word_1_152' title='bbox 806 1964 909 2031; x_wconf 87' lang='lat' dir='ltr'><strong>dubia,</strong></span> <span class='ocrx_word' id='word_1_153' title='bbox 930 1966 995 2021; x_wconf 86' lang='lat' dir='ltr'><strong>sive</strong></span> <span class='ocrx_word' id='word_1_154' title='bbox 1010 1967 1052 2022; x_wconf 89' lang='lat' dir='ltr'><strong>sit</strong></span> <span class='ocrx_word' id='word_1_155' title='bbox 1070 1968 1141 2037; x_wconf 91' lang='lat' dir='ltr'><strong>plus</strong></span> <span class='ocrx_word' id='word_1_156' title='bbox 1164 1967 1291 2020; x_wconf 84' lang='lat' dir='ltr'><strong>minusve</strong></span> 
     </span>
     <span class='ocr_line' id='line_1_19' title="bbox 238 2053 1291 2126; baseline -0.005 -16"><span class='ocrx_word' id='word_1_157' title='bbox 238 2069 380 2120; x_wconf 88' lang='lat' dir='ltr'><strong>erronea,</strong></span> <span class='ocrx_word' id='word_1_158' title='bbox 406 2055 497 2110; x_wconf 87' lang='lat' dir='ltr'><strong>debet</strong></span> <span class='ocrx_word' id='word_1_159' title='bbox 525 2054 594 2110; x_wconf 89' lang='lat' dir='ltr'><strong>ficri</strong></span> <span class='ocrx_word' id='word_1_160' title='bbox 615 2069 691 2110; x_wconf 87' lang='lat' dir='ltr'><strong>vcra</strong></span> <span class='ocrx_word' id='word_1_161' title='bbox 714 2055 865 2122; x_wconf 84' lang='lat' dir='ltr'><strong>quanthm</strong></span> <span class='ocrx_word' id='word_1_162' title='bbox 885 2055 1035 2126; x_wconf 87' lang='lat' dir='ltr'><strong>possibile</strong></span> <span class='ocrx_word' id='word_1_163' title='bbox 1056 2057 1114 2118; x_wconf 86' lang='lat' dir='ltr'><strong>cst,</strong></span> <span class='ocrx_word' id='word_1_164' title='bbox 1140 2053 1291 2124; x_wconf 86' lang='lat' dir='ltr'><strong>quaerendo</strong></span> 
     </span>
     <span class='ocr_line' id='line_1_20' title="bbox 237 2142 1290 2212; baseline -0.004 -14"><span class='ocrx_word' id='word_1_165' title='bbox 237 2157 349 2199; x_wconf 86' lang='lat' dir='ltr'><strong>verum</strong></span> <span class='ocrx_word' id='word_1_166' title='bbox 365 2143 397 2198; x_wconf 89' lang='lat' dir='ltr'><strong>et</strong></span> <span class='ocrx_word' id='word_1_167' title='bbox 415 2143 592 2204; x_wconf 86' lang='lat' dir='ltr'><strong>honestum,</strong></span> <span class='ocrx_word' id='word_1_168' title='bbox 608 2143 726 2199; x_wconf 87' lang='lat' dir='ltr'><strong>scilicet</strong></span> <span class='ocrx_word' id='word_1_169' title='bbox 746 2143 777 2198; x_wconf 94' lang='lat' dir='ltr'><strong>id</strong></span> <span class='ocrx_word' id='word_1_170' title='bbox 798 2142 880 2212; x_wconf 89' lang='lat' dir='ltr'><strong>quod</strong></span> <span class='ocrx_word' id='word_1_171' title='bbox 903 2143 952 2198; x_wconf 86' lang='lat' dir='ltr'><strong>est</strong></span> <span class='ocrx_word' id='word_1_172' title='bbox 972 2144 1141 2199; x_wconf 85' lang='lat' dir='ltr'><strong>secundhm</strong></span> <span class='ocrx_word' id='word_1_173' title='bbox 1166 2143 1290 2200; x_wconf 84' lang='lat' dir='ltr'><strong>ordinem</strong></span> 
     </span>
     <span class='ocr_line' id='line_1_21' title="bbox 237 2230 1293 2302; baseline -0.005 -14"><span class='ocrx_word' id='word_1_174' title='bbox 237 2235 270 2289; x_wconf 89' lang='lat' dir='ltr'><strong>et</strong></span> <span class='ocrx_word' id='word_1_175' title='bbox 289 2232 484 2289; x_wconf 85' lang='lat' dir='ltr'><strong>voluntatem</strong></span> <span class='ocrx_word' id='word_1_176' title='bbox 505 2233 567 2302; x_wconf 79' lang='lat' dir='ltr'><strong>Dei.</strong></span> <span class='ocrx_word' id='word_1_177' title='bbox 585 2233 674 2287; x_wconf 86' lang='lat' dir='ltr'><strong>Ratio</strong></span> <span class='ocrx_word' id='word_1_178' title='bbox 690 2246 764 2301; x_wconf 83' lang='lat' dir='ltr'><strong>ergo</strong></span> <span class='ocrx_word' id='word_1_179' title='bbox 784 2233 834 2288; x_wconf 91' lang='lat' dir='ltr'><strong>vel</strong></span> <span class='ocrx_word' id='word_1_180' title='bbox 853 2233 1001 2288; x_wconf 84' lang='lat' dir='ltr'><strong>voluntas</strong></span> <span class='ocrx_word' id='word_1_181' title='bbox 1015 2232 1160 2287; x_wconf 78' lang='lat' dir='ltr'><strong>&#39;humana</strong></span> <span class='ocrx_word' id='word_1_182' title='bbox 1178 2230 1293 2288; x_wconf 87' lang='lat' dir='ltr'><strong>nonest</strong></span> 
     </span>
    </p>
   </div>
   <div class='ocr_carea' id='block_1_4' title="bbox 237 2317 1292 2732">
    <p class='ocr_par' dir='ltr' id='par_1_4' title="bbox 237 2317 1292 2483">
     <span class='ocr_line' id='line_1_22' title="bbox 237 2317 1292 2391; baseline -0.008 -13"><span class='ocrx_word' id='word_1_183' title='bbox 237 2322 364 2378; x_wconf 87' lang='lat' dir='ltr'><strong>sibimet</strong></span> <span class='ocrx_word' id='word_1_184' title='bbox 377 2322 437 2384; x_wconf 83' lang='lat' dir='ltr'><strong>lex,</strong></span> <span class='ocrx_word' id='word_1_185' title='bbox 451 2322 488 2376; x_wconf 88' lang='lat' dir='ltr'><strong>ut</strong></span> <span class='ocrx_word' id='word_1_186' title='bbox 501 2320 628 2391; x_wconf 85' lang='lat' dir='ltr'><strong>putavit</strong></span> <span class='ocrx_word' id='word_1_187' title='bbox 641 2320 786 2381; x_wconf 66' lang='lat' dir='ltr'><strong>Isontius,</strong></span> <span class='ocrx_word' id='word_1_188' title='bbox 800 2320 852 2374; x_wconf 90' lang='lat' dir='ltr'><strong>sed</strong></span> <span class='ocrx_word' id='word_1_189' title='bbox 868 2319 967 2388; x_wconf 81' lang='lat' dir='ltr'><strong>legem</strong></span> <span class='ocrx_word' id='word_1_190' title='bbox 982 2321 1014 2376; x_wconf 89' lang='lat' dir='ltr'><strong>et</strong></span> <span class='ocrx_word' id='word_1_191' title='bbox 1031 2334 1208 2376; x_wconf 88' lang='lat' dir='ltr'><strong>mensuram</strong></span> <span class='ocrx_word' id='word_1_192' title='bbox 1222 2317 1292 2372; x_wconf 86' lang='lat' dir='ltr'><strong>accl-</strong></span> 
     </span>
     <span class='ocr_line' id='line_1_23' title="bbox 237 2408 1228 2483; baseline -0.004 -17"><span class='ocrx_word' id='word_1_193' title='bbox 237 2412 285 2483; x_wconf 92' lang='lat' dir='ltr'><strong>pit</strong></span> <span class='ocrx_word' id='word_1_194' title='bbox 304 2424 484 2482; x_wconf 84' lang='lat' dir='ltr'><strong>asupremo</strong></span> <span class='ocrx_word' id='word_1_195' title='bbox 499 2409 688 2478; x_wconf 82' lang='lat' dir='ltr'><strong>legislatore,</strong></span> <span class='ocrx_word' id='word_1_196' title='bbox 705 2408 759 2476; x_wconf 87' lang='lat' dir='ltr'><strong>qui</strong></span> <span class='ocrx_word' id='word_1_197' title='bbox 774 2410 854 2463; x_wconf 89' lang='lat' dir='ltr'><strong>Deus</strong></span> <span class='ocrx_word' id='word_1_198' title='bbox 871 2409 932 2464; x_wconf 87' lang='lat' dir='ltr'><strong>est.</strong></span> <span class='ocrx_word' id='word_1_199' title='bbox 1226 2409 1228 2418; x_wconf 82' lang='grc'>’</span> 
     </span>
    </p>

    <p class='ocr_par' dir='ltr' id='par_1_5' title="bbox 237 2495 1292 2732">
     <span class='ocr_line' id='line_1_24' title="bbox 274 2495 1292 2568; baseline -0.003 -16"><span class='ocrx_word' id='word_1_200' title='bbox 274 2500 389 2556; x_wconf 87' lang='lat' dir='ltr'><strong>Deinde</strong></span> <span class='ocrx_word' id='word_1_201' title='bbox 404 2499 517 2554; x_wconf 84' lang='lat' dir='ltr'><strong>salsum</strong></span> <span class='ocrx_word' id='word_1_202' title='bbox 536 2498 585 2553; x_wconf 88' lang='lat' dir='ltr'><strong>est</strong></span> <span class='ocrx_word' id='word_1_203' title='bbox 603 2497 685 2566; x_wconf 80' lang='lat' dir='ltr'><strong>quod</strong></span> <span class='ocrx_word' id='word_1_204' title='bbox 700 2497 848 2552; x_wconf 87' lang='lat' dir='ltr'><strong>voluntas</strong></span> <span class='ocrx_word' id='word_1_205' title='bbox 862 2495 994 2552; x_wconf 86' lang='lat' dir='ltr'><strong>honesta</strong></span> <span class='ocrx_word' id='word_1_206' title='bbox 1012 2511 1074 2552; x_wconf 92' lang='lat' dir='ltr'><strong>non</strong></span> <span class='ocrx_word' id='word_1_207' title='bbox 1089 2497 1188 2568; x_wconf 86' lang='lat' dir='ltr'><strong>possit</strong></span> <span class='ocrx_word' id='word_1_208' title='bbox 1201 2496 1292 2551; x_wconf 89' lang='lat' dir='ltr'><strong>inten-</strong></span> 
     </span>
     <span class='ocr_line' id='line_1_25' title="bbox 237 2583 1291 2654; baseline -0.006 -10"><span class='ocrx_word' id='word_1_209' title='bbox 237 2589 311 2644; x_wconf 88' lang='lat' dir='ltr'><strong>dere</strong></span> <span class='ocrx_word' id='word_1_210' title='bbox 330 2588 446 2643; x_wconf 89' lang='lat' dir='ltr'><strong>bonum</strong></span> <span class='ocrx_word' id='word_1_211' title='bbox 469 2587 547 2642; x_wconf 88' lang='lat' dir='ltr'><strong>utile</strong></span> <span class='ocrx_word' id='word_1_212' title='bbox 565 2587 616 2641; x_wconf 84' lang='lat' dir='ltr'><strong>vel</strong></span> <span class='ocrx_word' id='word_1_213' title='bbox 637 2585 831 2641; x_wconf 84' lang='lat' dir='ltr'><strong>delectabile.</strong></span> <span class='ocrx_word' id='word_1_214' title='bbox 850 2583 1033 2654; x_wconf 86' lang='lat' dir='ltr'><strong>Requiritur</strong></span> <span class='ocrx_word' id='word_1_215' title='bbox 1047 2587 1172 2642; x_wconf 88' lang='lat' dir='ltr'><strong>tanthm</strong></span> <span class='ocrx_word' id='word_1_216' title='bbox 1197 2586 1230 2640; x_wconf 92' lang='lat' dir='ltr'><strong>ut</strong></span> <span class='ocrx_word' id='word_1_217' title='bbox 1245 2583 1291 2638; x_wconf 94' lang='lat' dir='ltr'><strong>ho·</strong></span> 
     </span>
     <span class='ocr_line' id='line_1_26' title="bbox 238 2673 1090 2732; baseline -0.005 0"><span class='ocrx_word' id='word_1_218' title='bbox 238 2691 314 2732; x_wconf 92' lang='lat' dir='ltr'><strong>num</strong></span> <span class='ocrx_word' id='word_1_219' title='bbox 329 2677 406 2732; x_wconf 91' lang='lat' dir='ltr'><strong>utile</strong></span> <span class='ocrx_word' id='word_1_220' title='bbox 420 2677 471 2732; x_wconf 82' lang='lat' dir='ltr'><strong>vel</strong></span> <span class='ocrx_word' id='word_1_221' title='bbox 486 2675 667 2731; x_wconf 86' lang='lat' dir='ltr'><strong>delectabile</strong></span> <span class='ocrx_word' id='word_1_222' title='bbox 685 2673 723 2729; x_wconf 87' lang='lat' dir='ltr'><strong>od</strong></span> <span class='ocrx_word' id='word_1_223' title='bbox 739 2673 904 2730; x_wconf 89' lang='lat' dir='ltr'><strong>honestum</strong></span> <span class='ocrx_word' id='word_1_224' title='bbox 920 2674 1090 2731; x_wconf 79' lang='lat' dir='ltr'><strong>referatur.</strong></span> 
     </span>
    </p>
   </div>
   <div class='ocr_carea' id='block_1_5' title="bbox 235 2826 1292 3605">
    <p class='ocr_par' dir='ltr' id='par_1_6' title="bbox 235 2826 1292 3605">
     <span class='ocr_line' id='line_1_27' title="bbox 277 2826 1291 2898; baseline -0.001 -18"><span class='ocrx_word' id='word_1_225' title='bbox 277 2828 355 2884; x_wconf 80' lang='grc'><strong>1236.</strong></span> <span class='ocrx_word' id='word_1_226' title='bbox 373 2827 503 2883; x_wconf 84' lang='lat' dir='ltr'><strong>Stuart</strong></span> <span class='ocrx_word' id='word_1_227' title='bbox 515 2827 603 2882; x_wconf 79' lang='lat' dir='ltr'><strong>Mill.</strong></span> <span class='ocrx_word' id='word_1_228' title='bbox 620 2855 654 2868; x_wconf 86' lang='lat'>-</span> <span class='ocrx_word' id='word_1_229' title='bbox 668 2827 831 2882; x_wconf 86' lang='lat' dir='ltr'><strong>Theoriam</strong></span> <span class='ocrx_word' id='word_1_230' title='bbox 845 2826 995 2882; x_wconf 80' lang='lat' dir='ltr'><strong>moralem</strong></span> <span class='ocrx_word' id='word_1_231' title='bbox 1009 2827 1101 2898; x_wconf 88' lang='lat' dir='ltr'><strong>plane</strong></span> <span class='ocrx_word' id='word_1_232' title='bbox 1115 2827 1291 2883; x_wconf 85' lang='lat' dir='ltr'><strong>contrariam</strong></span> 
     </span>
     <span class='ocr_line' id='line_1_28' title="bbox 238 2915 1291 2988; baseline -0.005 -14"><span class='ocrx_word' id='word_1_233' title='bbox 238 2917 403 2988; x_wconf 86' lang='lat' dir='ltr'><strong>proposuit</strong></span> <span class='ocrx_word' id='word_1_234' title='bbox 417 2917 525 2973; x_wconf 79' lang='lat' dir='ltr'><strong>stuart</strong></span> <span class='ocrx_word' id='word_1_235' title='bbox 538 2915 614 2981; x_wconf 88' lang='lat' dir='ltr'><strong>Mill,</strong></span> <span class='ocrx_word' id='word_1_236' title='bbox 632 2917 684 2984; x_wconf 86' lang='lat' dir='ltr'><strong>qui</strong></span> <span class='ocrx_word' id='word_1_237' title='bbox 700 2915 896 2971; x_wconf 86' lang='lat' dir='ltr'><strong>existimavit</strong></span> <span class='ocrx_word' id='word_1_238' title='bbox 910 2931 950 2972; x_wconf 82' lang='lat' dir='ltr'><strong>ex</strong></span> <span class='ocrx_word' id='word_1_239' title='bbox 964 2930 1071 2971; x_wconf 87' lang='lat' dir='ltr'><strong>amore</strong></span> <span class='ocrx_word' id='word_1_240' title='bbox 1086 2917 1159 2972; x_wconf 90' lang='lat' dir='ltr'><strong>honi</strong></span> <span class='ocrx_word' id='word_1_241' title='bbox 1172 2916 1253 2972; x_wconf 88' lang='lat' dir='ltr'><strong>utilis</strong></span> <span class='ocrx_word' id='word_1_242' title='bbox 1265 2915 1291 2970; x_wconf 89' lang='lat' dir='ltr'><strong>et</strong></span> 
     </span>
     <span class='ocr_line' id='line_1_29' title="bbox 238 3001 1291 3068; baseline -0.005 -8"><span class='ocrx_word' id='word_1_243' title='bbox 238 3003 442 3068; x_wconf 87' lang='lat' dir='ltr'><strong>delectabilis,</strong></span> <span class='ocrx_word' id='word_1_244' title='bbox 472 3003 539 3060; x_wconf 88' lang='lat' dir='ltr'><strong>sive</strong></span> <span class='ocrx_word' id='word_1_245' title='bbox 565 3017 605 3057; x_wconf 84' lang='lat' dir='ltr'><strong>ex</strong></span> <span class='ocrx_word' id='word_1_246' title='bbox 631 3017 738 3058; x_wconf 89' lang='lat' dir='ltr'><strong>amore</strong></span> <span class='ocrx_word' id='word_1_247' title='bbox 762 3003 821 3068; x_wconf 91' lang='lat' dir='ltr'><strong>sui,</strong></span> <span class='ocrx_word' id='word_1_248' title='bbox 845 3004 951 3059; x_wconf 92' lang='lat' dir='ltr'><strong>omnia</strong></span> <span class='ocrx_word' id='word_1_249' title='bbox 973 3003 1076 3059; x_wconf 86' lang='lat' dir='ltr'><strong>officia</strong></span> <span class='ocrx_word' id='word_1_250' title='bbox 1096 3002 1249 3060; x_wconf 88' lang='lat' dir='ltr'><strong>societatis</strong></span> <span class='ocrx_word' id='word_1_251' title='bbox 1266 3001 1291 3056; x_wconf 89' lang='lat' dir='ltr'><strong>et</strong></span> 
     </span>
     <span class='ocr_line' id='line_1_30' title="bbox 237 3091 1291 3164; baseline -0.004 -14"><span class='ocrx_word' id='word_1_252' title='bbox 237 3107 376 3150; x_wconf 87' lang='lat' dir='ltr'><strong>amorem</strong></span> <span class='ocrx_word' id='word_1_253' title='bbox 392 3093 530 3164; x_wconf 85' lang='lat' dir='ltr'><strong>proximi</strong></span> <span class='ocrx_word' id='word_1_254' title='bbox 545 3091 718 3162; x_wconf 88' lang='lat' dir='ltr'><strong>perfectum</strong></span> <span class='ocrx_word' id='word_1_255' title='bbox 735 3092 812 3148; x_wconf 89' lang='lat' dir='ltr'><strong>oriri</strong></span> <span class='ocrx_word' id='word_1_256' title='bbox 827 3106 917 3164; x_wconf 87' lang='lat' dir='ltr'><strong>posse</strong></span> <span class='ocrx_word' id='word_1_257' title='bbox 938 3093 971 3147; x_wconf 84' lang='lat' dir='ltr'><strong>vi</strong></span> <span class='ocrx_word' id='word_1_258' title='bbox 990 3093 1154 3163; x_wconf 75' lang='lat' dir='ltr'><strong>quusdam</strong></span> <span class='ocrx_word' id='word_1_259' title='bbox 1169 3092 1291 3149; x_wconf 86' lang='lat' dir='ltr'><strong>associa-</strong></span> 
     </span>
     <span class='ocr_line' id='line_1_31' title="bbox 235 3179 1292 3250; baseline -0.009 -9"><span class='ocrx_word' id='word_1_260' title='bbox 235 3182 331 3241; x_wconf 87' lang='lat' dir='ltr'><strong>tionis</strong></span> <span class='ocrx_word' id='word_1_261' title='bbox 347 3182 488 3239; x_wconf 87' lang='lat' dir='ltr'><strong>idearum</strong></span> <span class='ocrx_word' id='word_1_262' title='bbox 508 3181 539 3236; x_wconf 85' lang='lat' dir='ltr'><strong>et</strong></span> <span class='ocrx_word' id='word_1_263' title='bbox 553 3181 765 3237; x_wconf 83' lang='lat' dir='ltr'><strong>sensationum</strong></span> <span class='ocrx_word' id='word_1_264' title='bbox 781 3182 847 3236; x_wconf 87' lang='lat' dir='ltr'><strong>sive</strong></span> <span class='ocrx_word' id='word_1_265' title='bbox 868 3181 1060 3250; x_wconf 85' lang='lat' dir='ltr'><strong>passionum.</strong></span> <span class='ocrx_word' id='word_1_266' title='bbox 1080 3182 1197 3238; x_wconf 78' lang='lat' dir='ltr'><strong>Exinde</strong></span> <span class='ocrx_word' id='word_1_267' title='bbox 1216 3179 1292 3236; x_wconf 85' lang='lat' dir='ltr'><strong>fleret</strong></span> 
     </span>
     <span class='ocr_line' id='line_1_32' title="bbox 236 3269 1292 3344; baseline -0.005 -16"><span class='ocrx_word' id='word_1_268' title='bbox 236 3274 272 3328; x_wconf 85' lang='lat' dir='ltr'><strong>ui</strong></span> <span class='ocrx_word' id='word_1_269' title='bbox 287 3275 338 3330; x_wconf 90' lang='lat' dir='ltr'><strong>vir</strong></span> <span class='ocrx_word' id='word_1_270' title='bbox 351 3271 488 3344; x_wconf 85' lang='lat' dir='ltr'><strong>perfecte</strong></span> <span class='ocrx_word' id='word_1_271' title='bbox 509 3271 658 3325; x_wconf 87' lang='lat' dir='ltr'><strong>honestus</strong></span> <span class='ocrx_word' id='word_1_272' title='bbox 676 3270 811 3325; x_wconf 85' lang='lat' dir='ltr'><strong>maxime</strong></span> <span class='ocrx_word' id='word_1_273' title='bbox 828 3269 1039 3326; x_wconf 85' lang='lat' dir='ltr'><strong>delectaretur</strong></span> <span class='ocrx_word' id='word_1_274' title='bbox 1063 3272 1206 3332; x_wconf 88' lang='lat' dir='ltr'><strong>omnihus</strong></span> <span class='ocrx_word' id='word_1_275' title='bbox 1228 3282 1292 3340; x_wconf 87' lang='lat' dir='ltr'><strong>ope-</strong></span> 
     </span>
     <span class='ocr_line' id='line_1_33' title="bbox 236 3358 1292 3430; baseline -0.006 -14"><span class='ocrx_word' id='word_1_276' title='bbox 236 3361 323 3418; x_wconf 89' lang='lat' dir='ltr'><strong>ribus</strong></span> <span class='ocrx_word' id='word_1_277' title='bbox 342 3361 510 3423; x_wconf 87' lang='lat' dir='ltr'><strong>virtutum,</strong></span> <span class='ocrx_word' id='word_1_278' title='bbox 538 3373 600 3414; x_wconf 91' lang='lat' dir='ltr'><strong>ncn</strong></span> <span class='ocrx_word' id='word_1_279' title='bbox 615 3359 755 3429; x_wconf 82' lang='lat' dir='ltr'><strong>exceptis</strong></span> <span class='ocrx_word' id='word_1_280' title='bbox 769 3358 945 3414; x_wconf 84' lang='lat' dir='ltr'><strong>virtutibus</strong></span> <span class='ocrx_word' id='word_1_281' title='bbox 960 3361 1011 3415; x_wconf 84' lang='lat' dir='ltr'><strong>vel</strong></span> <span class='ocrx_word' id='word_1_282' title='bbox 1034 3360 1157 3417; x_wconf 87' lang='lat' dir='ltr'><strong>actibus</strong></span> <span class='ocrx_word' id='word_1_283' title='bbox 1181 3369 1292 3430; x_wconf 82' lang='lat' dir='ltr'><strong>genero·</strong></span> 
     </span>
     <span class='ocr_line' id='line_1_34' title="bbox 236 3445 1292 3505; baseline -0.007 0"><span class='ocrx_word' id='word_1_284' title='bbox 236 3449 380 3505; x_wconf 87' lang='lat' dir='ltr'><strong>sissimis.</strong></span> <span class='ocrx_word' id='word_1_285' title='bbox 398 3447 624 3503; x_wconf 87' lang='lat' dir='ltr'><strong>Delectationes</strong></span> <span class='ocrx_word' id='word_1_286' title='bbox 639 3447 722 3501; x_wconf 91' lang='lat' dir='ltr'><strong>enim</strong></span> <span class='ocrx_word' id='word_1_287' title='bbox 736 3447 946 3502; x_wconf 86' lang='lat' dir='ltr'><strong>nobilissimas</strong></span> <span class='ocrx_word' id='word_1_288' title='bbox 961 3447 1013 3504; x_wconf 86' lang='lat' dir='ltr'><strong>vir</strong></span> <span class='ocrx_word' id='word_1_289' title='bbox 1029 3448 1181 3505; x_wconf 84' lang='lat' dir='ltr'><strong>honestus</strong></span> <span class='ocrx_word' id='word_1_290' title='bbox 1193 3445 1292 3503; x_wconf 83' lang='lat' dir='ltr'><strong>distin·</strong></span> 
     </span>
     <span class='ocr_line' id='line_1_35' title="bbox 238 3536 771 3605; baseline 0 -15"><span class='ocrx_word' id='word_1_291' title='bbox 238 3538 348 3605; x_wconf 83' lang='lat' dir='ltr'><strong>guenet</strong></span> <span class='ocrx_word' id='word_1_292' title='bbox 367 3537 541 3605; x_wconf 86' lang='lat' dir='ltr'><strong>ceterisque</strong></span> <span class='ocrx_word' id='word_1_293' title='bbox 557 3536 771 3604; x_wconf 80' lang='lat' dir='ltr'><strong>anteponeret.</strong></span> 
     </span>
    </p>
   </div>
   <div class='ocr_carea' id='block_1_6' title="bbox 240 3677 1291 3838">
    <p class='ocr_par' dir='ltr' id='par_1_7' title="bbox 240 3677 1291 3838">
     <span class='ocr_line' id='line_1_36' title="bbox 275 3677 1291 3736; baseline -0.004 -2"><span class='ocrx_word' id='word_1_294' title='bbox 275 3681 354 3735; x_wconf 82' lang='lat'>1237.</span> <span class='ocrx_word' id='word_1_295' title='bbox 378 3679 520 3736; x_wconf 77' lang='lat' dir='ltr'><strong>critica.</strong></span> <span class='ocrx_word' id='word_1_296' title='bbox 538 3708 573 3719; x_wconf 99' lang='lat'>-</span> <span class='ocrx_word' id='word_1_297' title='bbox 600 3678 657 3732; x_wconf 87' lang='lat' dir='ltr'><strong>Sed</strong></span> <span class='ocrx_word' id='word_1_298' title='bbox 688 3692 728 3734; x_wconf 82' lang='lat' dir='ltr'><strong>ex</strong></span> <span class='ocrx_word' id='word_1_299' title='bbox 751 3677 838 3734; x_wconf 76' lang='lat' dir='ltr'><strong>merc</strong></span> <span class='ocrx_word' id='word_1_300' title='bbox 859 3678 1066 3736; x_wconf 82' lang='lat' dir='ltr'><strong>associatione</strong></span> <span class='ocrx_word' id='word_1_301' title='bbox 1094 3679 1291 3736; x_wconf 86' lang='lat' dir='ltr'><strong>sensationum</strong></span> 
     </span>
     <span class='ocr_line' id='line_1_37' title="bbox 240 3767 1290 3838; baseline 0.004 -14"><span class='ocrx_word' id='word_1_302' title='bbox 240 3769 378 3825; x_wconf 87' lang='lat' dir='ltr'><strong>virtutes</strong></span> <span class='ocrx_word' id='word_1_303' title='bbox 401 3768 534 3824; x_wconf 88' lang='lat' dir='ltr'><strong>morales</strong></span> <span class='ocrx_word' id='word_1_304' title='bbox 556 3767 634 3823; x_wconf 89' lang='lat' dir='ltr'><strong>oriri</strong></span> <span class='ocrx_word' id='word_1_305' title='bbox 661 3780 723 3822; x_wconf 92' lang='lat' dir='ltr'><strong>non</strong></span> <span class='ocrx_word' id='word_1_306' title='bbox 745 3767 888 3837; x_wconf 87' lang='lat' dir='ltr'><strong>possunt,</strong></span> <span class='ocrx_word' id='word_1_307' title='bbox 921 3768 1099 3838; x_wconf 82' lang='lat' dir='ltr'><strong>praesertim</strong></span> <span class='ocrx_word' id='word_1_308' title='bbox 1129 3767 1290 3827; x_wconf 69' lang='lat' dir='ltr'><strong>nobiliores,</strong></span> 
     </span>
    </p>
   </div>
   <div class='ocr_carea' id='block_1_7' title="bbox 0 0 1400 4546">
    <p class='ocr_par' dir='ltr' id='par_1_8' title="bbox 0 0 1400 4546">
     <span class='ocr_line' id='line_1_38' title="bbox 0 0 1400 4546; baseline 0 0"><span class='ocrx_word' id='word_1_309' title='bbox 0 0 1400 4546; x_wconf 95' lang='lat' dir='ltr'><strong> </strong></span> 
     </span>
    </p>
   </div>
  </div>
 </body>
</html>
