2790 4546
188 345 243 400 246
602 358 655 401 rus
673 357 845 400 urrunnun

189 472 242 527 rel
270 470 398 527 amissio
426 469 572 526 notabilis
600 467 784 538 bonorum);
819 464 994 522 communis
1020 468 1056 538 (si
1087 469 1171 524 mala
1199 483 1277 538 quse

191 559 346 616 timentur
359 557 462 615 adhue
478 558 600 613 minora
613 558 708 624 sunt).

227 659 323 713 Porro
338 656 426 712 nulla
440 655 610 712 necessitas
626 654 739 710 eximit
751 654 789 710 ab
805 653 1002 726 adimplendo
1014 657 1173 727 praecepto
1190 657 1276 727 legis

191 745 345 802 naturalis
361 745 518 814 negativo.
541 745 618 799 Nam
645 743 732 799 nulla
751 743 919 799 necessitas
944 745 1082 800 eximere
1099 747 1207 816 potest
1232 746 1277 801 ab

192 836 264 890 actu
277 833 447 890 intrinsece
460 847 515 888 seu
531 832 743 888 essentialiter
759 831 857 898 malo;
874 833 962 900 atqui
978 834 1066 888 actus
1081 834 1241 904 prohibiti
1257 851 1278 891 a

193 924 260 992 lege
276 922 414 978 naturali
431 925 506 977 suut
519 921 686 991 eJ'usmodi,
704 921 836 992 utpatet
848 921 1058 990 percurrendo
1072 923 1178 978 varias
1194 939 1277 995 pro·

194 1011 387 1067 bibitiones:
408 1013 474 1066 Non
497 1010 689 1081 perJurabis,
707 1023 768 1065 non
792 1008 907 1066 falsum
932 1010 1150 1066 testimonium
1173 1012 1273 1078 dices,

195 1114 257 1156 non
273 1099 484 1162 mechaberis,
505 1100 563 1155 eto.
582 1101 650 1155 Haeo
665 1100 697 1154 et
711 1099 774 1154 alia
791 1097 947 1166 ejusmodi
968 1100 1043 1155 sunt
1058 1100 1142 1154 mala
1162 1115 1274 1157 mora-

195 1189 237 1244 lia
252 1189 422 1245 intrinsece
437 1191 468 1244 et
483 1188 551 1244 ideo
566 1189 687 1258 majora
701 1187 794 1256 quam
809 1188 891 1242 maia
904 1187 1035 1258 physica
1047 1200 1274 1259 quaecumque:

197 1291 291 1342 mors,
305 1278 484 1348 paupertas,
505 1278 563 1332 eto.
575 1277 666 1333 Unde
685 1276 773 1331 nulla
796 1278 844 1332 est
863 1277 1035 1333 excusatio.
1055 1279 1143 1342 Quod
1158 1279 1276 1334 confir-

198 1369 304 1422 matur
318 1367 498 1422 testimonio
514 1365 711 1421 conscientiae
727 1368 759 1420 et
781 1365 873 1436 praxi
898 1365 1091 1435 optimorum
1112 1367 1274 1432 virorum,

195 1455 259 1524 qui,
278 1455 422 1510 omnibus
437 1454 643 1526 temporibus,
658 1454 830 1510 sententias
843 1453 1026 1522 huJ'usmodi
1037 1454 1272 1512 laudaverunt:

196 1542 283 1598 Mori
296 1541 399 1615 potitis
414 1545 509 1614 quum
523 1541 646 1613 foedari.
663 1572 698 1584 -
712 1541 785 1596 Non
799 1544 873 1597 suat
886 1540 1033 1613 facienda
1050 1543 1138 1598 mala
1150 1546 1185 1598 ut
1199 1562 1275 1601 eve-

196 1631 289 1687 niant
302 1630 390 1686 bona.

233 1730 379 1786 Profecto
403 1729 533 1786 dubium
558 1736 725 1786 occurrere
748 1730 852 1800 potest
879 1729 917 1786 de
942 1730 1128 1798 quibusdam
1153 1733 1271 1788 maiis:

198 1820 307 1874 utrum
341 1819 405 1875 sint
436 1817 578 1874 absolute
613 1818 828 1884 malancena,
858 1819 912 1874 sed
945 1819 1073 1874 dubium
1108 1836 1175 1877 esse
1208 1837 1272 1878 non

197 1910 302 1980 potest
321 1908 358 1964 de
377 1908 445 1978 ipso
473 1907 555 1962 malo
576 1907 705 1962 vitando
730 1906 881 1973 absolute,
905 1908 932 1962 si
958 1908 1128 1966 intrinsece
1154 1911 1272 1966 malum

197 1999 256 2052 est.

237 2139 315 2195 1247.
341 2139 448 2209 Lapis
468 2139 650 2195 naturalis
669 2143 853 2210 praecepta
880 2139 1050 2210 positiva.
1071 2169 1106 2181 —
1130 2144 1172 2196 De
1195 2156 1274 2211 prae-

201 2229 299 2300 ceptis
322 2228 467 2298 positivis
491 2228 584 2282 aliter
608 2227 773 2283 dicendum
796 2230 853 2284 est.
874 2230 961 2294 Nam,
984 2231 1113 2300 propter
1134 2231 1272 2286 circum·
1334 2261 1336 2264 -

202 2318 345 2382 startias,
381 2316 556 2388 praesertim
591 2320 721 2388 propter
757 2318 974 2374 necessitatem
1011 2321 1185 2374 extremam
1221 2320 1272 2375 vei

201 2421 339 2478 gravem,
356 2406 444 2462 aetus
465 2405 670 2476 praescriptus
686 2407 718 2461 et
737 2404 837 2461 bonus
861 2407 1016 2475 quatenus
1040 2407 1124 2471 talis,
1141 2407 1274 2464 evadere

200 2496 305 2568 potest
332 2509 395 2551 non
430 2495 635 2566 praescriptus
662 2495 713 2550 vel
746 2495 841 2550 etiam
875 2496 990 2552 malus.
1032 2497 1098 2551 Huc
1131 2497 1273 2568 spectant

201 2585 386 2655 sequentia:

238 2691 502 2746 considerandum
518 2692 566 2746 est
581 2691 673 2758 quod,
686 2691 768 2746 siout
781 2691 937 2761 praecepta
951 2691 1099 2758 negativa
1111 2691 1188 2759 legis
1202 2706 1271 2761 pro-

203 2763 312 2818 hibent
328 2764 416 2817 actus
435 2765 646 2832 peccatorum,
663 2762 708 2816 ita
729 2765 885 2832 praecepta
910 2761 1100 2817 affirmativa
1121 2762 1273 2818 inducunt

204 2834 241 2889 ad
257 2834 345 2888 actus
359 2833 526 2888 virtutum.
544 2837 639 2888 Actus
663 2833 769 2888 autem
785 2834 982 2902 peccatorum
1003 2835 1078 2888 sunt
1102 2833 1269 2888 secundum

204 2920 236 2961 se
252 2903 342 2967 mali,
356 2905 388 2959 et
402 2904 486 2958 nullo
503 2904 594 2959 modo
610 2905 682 2959 boni
697 2903 766 2958 fieri
781 2905 923 2974 possunt,
937 2918 992 2958 nec
1007 2904 1113 2972 aliquo
1123 2906 1269 2975 tempore,

203 2978 260 3032 aut
273 2975 356 3038 loco;
367 2974 441 3043 quia
455 2975 624 3030 secundbm
640 2989 672 3030 se
686 2976 760 3030 sunt
773 2975 933 3044 conjuncti
949 2975 1029 3029 malo
1045 2973 1147 3045 fini...,
1159 2979 1189 3030 et
1202 2974 1271 3030 ideo

203 3046 360 3118 praecepta
374 3046 520 3114 negativa
541 3045 681 3114 obligant
706 3059 829 3116 semper
848 3047 880 3101 et
903 3044 941 3100 ad
957 3059 1091 3116 semper.
1109 3047 1164 3101 Sed
1184 3047 1269 3100 actus

203 3119 355 3174 virtutem
382 3130 444 3171 nou
459 3117 599 3184 quolibet
622 3117 712 3172 modo
732 3115 801 3171 fleri
826 3116 948 3178 debent,
968 3117 1021 3170 scd
1036 3117 1208 3172 observatis
1222 3116 1272 3170 de-

204 3189 278 3244 bitis
293 3187 549 3250 circumstantiis,
574 3201 642 3254 quae
666 3189 874 3256 requiruntur
892 3187 1005 3242 adhoc
1023 3188 1106 3255 quod
1129 3189 1170 3243 sit
1185 3194 1269 3241 actus

203 3260 385 3324 virtuosus;
406 3260 442 3312 ut
463 3257 582 3312 scilicet
600 3258 654 3313 fiat
674 3259 725 3313 ubi
749 3258 848 3319 debet,
867 3258 1040 3325 siquando
1064 3257 1165 3322 debet,
1180 3261 1209 3312 et
1227 3270 1271 3312 se-

204 3330 340 3385 cundum
360 3328 442 3398 quod
457 3328 560 3383 debet.
585 3331 622 3383 ut
645 3329 719 3393 cuia
740 3329 903 3399 dispositio
918 3343 1027 3384 eorum
1052 3343 1120 3396 quae
1142 3327 1268 3384 suntad

206 3399 300 3456 finem
324 3399 499 3454 attenditur
520 3399 690 3454 secundino
711 3401 866 3456 rationem
889 3399 971 3464 finis,
987 3401 1019 3454 in
1042 3399 1112 3455 istis
1137 3401 1270 3455 circum-

205 3471 330 3526 stantiis
340 3470 477 3524 virtuosi
492 3469 580 3524 actis
592 3471 747 3541 praecipue
758 3470 946 3526 attendenda
955 3472 1003 3526 est
1015 3472 1097 3526 ratio
1108 3470 1187 3533 finis,
1203 3481 1269 3536 quae

206 3543 254 3597 cst
268 3541 382 3596 bonum
397 3541 538 3595 virtutis.
558 3540 588 3594 Si
604 3555 677 3609 ergo
702 3543 744 3597 sit
764 3541 870 3610 aliqua
892 3543 965 3597 talis
991 3541 1118 3597 omissio
1142 3539 1269 3608 alicujus

206 3611 451 3667 circumstantia
479 3611 562 3666 circa
583 3612 761 3668 virtuosum
794 3613 900 3668 aetum
924 3627 993 3681 quae
1020 3612 1162 3668 totaliter
1182 3609 1270 3666 tollat

207 3683 322 3737 bonum
343 3681 485 3745 virtutis,
512 3681 562 3736 bic
584 3685 672 3738 actus
696 3683 909 3738 contrariatur
929 3685 1096 3754 praecepto.
1120 3684 1150 3738 Si
1170 3685 1269 3736 autem

209 3753 252 3813 sit
273 3751 411 3818 deiectus
436 3752 570 3822 alicujus
590 3754 835 3811 circumstantiae
856 3769 925 3822 quae
949 3768 1011 3810 non
1029 3754 1170 3829 totaliter
1187 3751 1272 3809 tollat
