2902 4548
251 341 305 398 368
742 356 840 398 mnnx

250 492 283 504 -
296 463 494 527 Distinyuitur
517 465 551 514 ab
567 466 678 516 homine
698 474 724 514 et
737 480 757 514 a
780 465 837 514 aaa
859 465 977 528 persona
991 465 1064 514 siout
1077 466 1174 526 forma
1193 467 1237 562 eol
1255 481 1330 529 pass

246 536 418 600 principalis
432 536 622 599 distinquitur
636 553 655 586 a
671 537 829 600 composito.

281 623 341 674 737.
357 624 460 674 Anima
475 623 595 676 humana
610 633 651 676 est
667 625 834 690 spiritualis.
852 653 883 662 -
884 623 953 680 738.
975 626 1045 675 Vera
1060 625 1138 676 notio
1150 625 1331 690 spiritns.-

250 697 307 748 739.
321 695 508 759 intelligentia
523 703 565 745 est
581 697 780 747 immaterialis.
798 725 823 734 -
840 695 898 746 740.
914 695 1049 746 Voluntas
1065 704 1106 746 eet
1123 697 1329 749 immaterialis.

251 795 282 808 -
292 767 348 819 741.
364 769 477 818 Materia
493 768 615 831 cogitans
626 776 667 818 est
682 767 869 834 impossibilis.
878 795 907 806 -
918 767 966 818 742
990 767 1136 832 Opinionie
1149 769 1246 818 Loekii
1259 785 1330 820 oon-

250 839 418 890 16614115.-
439 838 494 890 743.
512 839 691 905 objectiones.
706 867 737 877 -
752 839 809 889 744.
825 838 928 888 Animo
949 839 1069 890 hnmana
1088 847 1129 888 est
1143 839 1325 891 immortalis.

253 938 278 950 -
292 910 349 962 745,
362 911 465 961 Anima
485 910 605 960 humans
617 917 658 961 est
670 911 836 962 immortalis
852 912 953 960 natura
964 913 1022 960 ent.
1038 938 1070 948 -
1081 911 1135 960 746.
1151 911 1257 961 Anima
1273 913 1329 961 hn-

251 995 333 1032 mana
353 989 394 1032 est
415 982 581 1033 immortalis
594 981 627 1032 de
644 981 724 1034 facto.
738 1009 771 1022 -
785 981 841 1032 747.
859 981 1037 1032 Probationes
1053 983 1171 1034 morales
1185 983 1330 1033 immorta-

250 1051 336 1102 litatis
358 1053 456 1104 animae
473 1054 673 1106 discutiuntur.
690 1082 721 1090 -
738 1053 793 1103 748.
820 1053 997 1104 Probstiones
1016 1054 1209 1118 metaphysica
1230 1054 1330 1104 discn-

250 1123 368 1174 tinntur,
381 1153 413 1162 -
428 1125 484 1176 749.
502 1125 604 1175 Anima
624 1126 745 1175 hnmana
766 1131 793 1174 et
815 1125 908 1175 anima
931 1124 1087 1174 brutorum.
1105 1153 1136 1163 -
1150 1124 1207 1174 756.
1223 1126 1330 1176 Anima

251 1195 372 1245 hnmana
384 1203 410 1245 et
425 1210 512 1260 purus
526 1196 651 1262 spiritns.
663 1225 694 1234 -
710 1195 766 1246 751.
782 1196 885 1246 Anima
897 1202 925 1246 et
938 1210 1064 1260 persona.

677 1357 796 1414 CAPUT
822 1357 898 1414 XLV

252 1490 294 1544 Dn
311 1505 411 1544 auium
433 1506 551 1548 omenta
560 1528 1232 1548 ......................................
1292 1493 1327 1547 21

284 1596 392 1648 Tanais.
405 1622 434 1632 -
446 1597 552 1648 Anima
567 1597 695 1646 numana
708 1612 766 1646 non
775 1597 932 1660 praesentit
941 1598 1060 1661 corpori,
1077 1623 1108 1634 -
1121 1613 1170 1647 nec
1184 1599 1282 1647 oritur
1294 1613 1329 1647 ea

251 1667 440 1732 ueneratione,
454 1669 501 1718 sed
517 1683 570 1731 per
596 1668 688 1718 solam
711 1668 888 1718 creationem.
905 1695 935 1706 -
951 1669 1016 1723 Quae
1035 1669 1175 1718 conclusio
1201 1669 1329 1718 manime

252 1740 417 1789 adversatur
433 1739 673 1801 tramformismo.

281 1827 340 1879 752.
361 1828 463 1878 Anima
477 1828 597 1878 hnmana
608 1843 664 1879 non
677 1827 829 1890 praeexistit
841 1828 958 1891 corpori.
970 1856 1001 1864 -
1012 1827 1069 1877 753.
1084 1828 1248 1892 Hypothesis
1262 1843 1329 1892 pan·

251 1901 415 1950 theletos-nm
438 1899 597 1950 confutatio.
613 1927 645 1938 -
672 1899 727 1950 754.
755 1899 917 1962 Hypothesie
947 1899 1091 1964 platonicae
1115 1899 1277 1949 confutatio.
1297 1923 1327 1936 -

252 1972 310 2022 755.
327 1972 450 2030 Quonam
465 1978 603 2021 momento
621 1971 714 2020 anima
738 1971 845 2034 corpori
860 1971 984 2020 uniatur.
1002 1999 1034 2006 -
1048 1969 1104 2019 756.
1122 1970 1255 2020 Rationes
1276 1984 1327 2032 pro

254 2043 423 2093 animatione
437 2041 602 2092 immediati.
616 2069 648 2080 -
660 2041 716 2091 757.
729 2041 829 2106 Opinio
847 2041 946 2092 media.
960 2067 987 2078 -
1002 2041 1057 2090 758.
1073 2040 1175 2090 Anima
1187 2040 1329 2090 sensibilis

252 2115 426 2178 embnyonem
443 2115 476 2163 ab
495 2114 574 2164 initio
598 2113 741 2163 informat.
762 2140 793 2150 -
807 2113 866 2165 759.
892 2112 993 2162 Anima
1012 2113 1158 2161 rationalis
1179 2112 1209 2162 in
1232 2112 1327 2161 locum

252 2185 351 2234 animae
366 2184 500 2234 sensitiva
510 2184 654 2234 sufficitur.
664 2211 697 2222 -
707 2183 763 2233 760.
777 2184 932 2234 Conclusio.
940 2209 972 2220 —
984 2183 1039 2232 761.
1056 2183 1096 2232 De
1107 2183 1215 2246 origine
1227 2183 1328 2232 animae

252 2256 334 2306 variae
349 2255 500 2304 sententiae.
515 2284 546 2292 —
560 2256 615 2306 762.
627 2255 737 2304 Animae
751 2256 880 2305 humanae
895 2255 1026 2304 oriuntur
1042 2269 1091 2318 per
1107 2255 1284 2304 creationem.
1297 2283 1328 2291 -

253 2327 308 2376 763.
324 2324 580 2376 Animadversiones
596 2334 692 2377 contra
706 2326 877 2376 Leibnizinm
890 2332 916 2375 et
932 2325 1115 2375 Roemininm.
1129 2353 1161 2363 -
1177 2325 1236 2374 764.
1258 2325 1329 2376 Sen-

254 2397 352 2448 tentiae
366 2396 498 2446 Leibnizii
513 2398 687 2448 etRoeminii
702 2397 821 2447 abentda
836 2403 1053 2463 consequuntur.
1071 2424 1102 2433 -
1121 2395 1181 2449 765.
1200 2395 1329 2445 Notanda

219 2533 222 2540 Ι
254 2468 287 2518 de
298 2468 464 2532 proprietate
484 2469 637 2519 verborum.
653 2495 684 2507 -
703 2469 758 2518 766.
782 2469 927 2518 Conclusio
943 2476 1038 2518 contra
1057 2467 1325 2518 transformiemnm.

254 2566 284 2576 -
301 2539 356 2588 767.
368 2538 500 2604 Objectio.

678 2665 798 2720 CAPUT
816 2663 905 2719 XLVI

255 2799 296 2852 Dn
313 2812 420 2853 amona
447 2812 547 2850 mann
565 2811 621 2850 cun
641 2811 769 2850 consona
792 2809 905 2849 naason
932 2811 969 2848 nn
1001 2809 1046 2848 ms
1065 2809 1129 2856 oon
1161 2809 1237 2846 nanc

289 2892 416 2932 entonam
431 2891 649 2938 consnoucnnua
651 2911 1232 2932 .................................
1291 2873 1330 2927 29

286 2983 395 3032 Tenus.
413 3009 445 3018 -
461 2983 574 3032 Natura
585 2982 712 3031 humana
725 2981 855 3044 ensurait
868 2996 903 3030 ecc
915 2978 1019 3028 unane
1029 2978 1212 3028 substantiali
1220 2979 1330 3028 animae

254 3053 431 3104 intellectiva
445 3067 508 3101 cam
520 3069 650 3116 corpora
665 3054 739 3102 uncis
758 3053 855 3101 unitas
868 3051 974 3100 anintae
997 3050 1104 3098 unitati
1119 3049 1242 3098 nominis
1265 3065 1329 3099 res-

250 3125 353 3189 pondet
369 3139 378 3172 :
392 3132 467 3172 -tot
480 3132 546 3172 sunt
560 3124 664 3173 animae
681 3123 859 3175 intellectione
877 3131 943 3186 quot
956 3129 1025 3170 sunt
1039 3119 1163 3170 homenes
1188 3121 1328 3181 eutimii,

254 3224 286 3234 -
299 3205 325 3245 et
339 3195 426 3244 unica
436 3203 476 3243 est
489 3194 588 3242 anima
602 3194 633 3242 in
649 3209 813 3258 unoquoque
829 3193 947 3242 homine.
970 3191 1040 3241 Inde
1054 3191 1233 3240 excludimus
1247 3207 1329 3241 erro-

255 3283 315 3318 rem
329 3266 463 3316 Acerrcis
477 3273 503 3313 et
516 3265 703 3326 quorumdam
722 3265 949 3328 pantheistarucn
965 3278 1081 3322 necnon,
1103 3263 1229 3318 aliunde,
1248 3279 1329 3311 erro·

254 3355 315 3388 rem
326 3338 528 3387 vitalistarunt.
544 3334 600 3384 Per
616 3335 688 3384 lanc
699 3336 824 3383 eamdent
847 3335 981 3384 unionem
1002 3333 1217 3384 substantialem
1234 3334 1327 3396 eupli-

256 3419 358 3459 cantur
371 3409 521 3458 relationes
535 3405 639 3455 animae
658 3414 684 3454 et
708 3405 840 3468 corporis,
862 3405 1054 3454 excluduntur
1079 3404 1329 3454 occasionalisnaus

255 3479 468 3536 Malebranchii‚
484 3477 636 3528 harmonia
649 3476 838 3539 praestabilita
859 3475 999 3524 Leibnizii
1014 3484 1039 3524 et
1053 3475 1210 3538 hypothesis
1224 3475 1329 3524 media

256 3552 325 3601 toris
335 3550 465 3614 plastici;
479 3577 509 3586 —
523 3549 659 3612 definitur
671 3548 756 3596 ctiam
768 3547 900 3610 influccus
908 3545 1042 3610 physicus
1057 3548 1161 3596 aniana
1176 3547 1208 3595 in
1227 3561 1330 3610 corpus

256 3623 414 3683 etcorporis
428 3623 460 3670 in
476 3621 621 3679 animuum
637 3620 748 3668 tandem
767 3617 944 3680 intelliyitur
963 3618 1096 3680 quomodo
1110 3617 1211 3666 anima
1226 3632 1329 3680 corpus

252 3693 381 3757 possidet,
400 3701 456 3741 tota
463 3706 588 3754 praesens
608 3691 640 3740 in
662 3689 787 3752 sinyulis
797 3689 936 3752 partibus,
954 3696 980 3736 et
993 3688 1137 3750 speciatim
1152 3688 1280 3741 residens
1296 3689 1329 3737 in

257 3764 340 3813 certis
351 3763 477 3826 organis,
494 3777 614 3824 quorum
624 3761 706 3810 nullo
723 3761 876 3809 limitatur.
