2828 4550
224 345 276 401 156
669 358 849 400 rnnomcnn

220 475 299 527 Deus
315 471 401 527 nullo
416 471 508 527 modo
521 470 604 526 vult.
624 470 681 526 Sed
697 469 812 525 molum
835 469 989 524 naturalis
1008 467 1147 524 defectus
1162 466 1214 522 vel
1231 481 1292 522 me·

219 543 284 598 lum
302 557 398 613 paenae
418 544 497 605 vult,
513 541 647 598 volendo
663 541 788 610 aliquod
808 539 923 596 bonum
945 539 996 595 cui
1011 539 1217 609 conjungitur
1229 537 1291 594 tale

220 613 337 669 melum
363 629 370 667 :
397 614 478 670 sicut
500 614 631 669 volendo
654 613 824 682 JustItiem
849 612 920 668 vult
943 625 1075 684 pecuum,
1099 613 1131 666 et
1157 609 1290 666 volendo

219 685 362 768 ordinem
394 686 515 740 neturae
547 685 683 748 servari,
720 682 789 738 vult
821 683 962 751 qnaedam
996 681 1187 738 naturaliter
1220 694 1289 736 cor·

219 769 642 909 lpuincpi'e'r'omntricenium,
662 824 835 896 quodlicet
858 825 944 880 mata
966 823 1048 898 fieri,
1070 825 1102 880 ec
1122 822 1289 901 matarum

218 897 299 967 fiere,
321 897 562 954 contradictorre
584 902 798 969 opponuntur,
822 901 926 953 temen
949 897 1027 952 cette
1046 893 1236 966 matertere,
1258 897 1289 949 et

218 967 297 1024 cette
321 968 408 1023 mata
431 985 495 1022 non
519 968 600 1040 fieri,
628 984 689 1026 nou
715 971 919 1040 opponuntur
940 967 1193 1028 contradictorie.
1217 967 1288 1020 cum

219 1043 389 1108 utrumque
404 1041 446 1094 sit
458 1036 695 1096 affirmativum.
709 1044 788 1096 Deus
802 1041 902 1108 igitur
918 1055 1015 1108 neque
1027 1041 1097 1095 vult
1111 1037 1195 1092 mule
1207 1036 1288 1100 fieri,
1399 1033 1400 1048 ¹

219 1125 317 1179 neque
332 1113 402 1166 vult
418 1111 498 1166 mela
514 1125 574 1167 non
597 1111 677 1176 flent,
692 1112 746 1168 sed
761 1111 831 1168 vult
853 1113 1038 1182 permittere
1054 1110 1135 1166 male
1154 1108 1236 1164 fieri.
1252 1109 1288 1162 nt
1399 1155 1400 1176 p

219 1182 277 1237 hoc
292 1183 340 1238 est
358 1182 474 1237 bonum
487 1183 537 1252 (l).

632 1516 761 1576 CAPUT
781 1517 878 1576 LXIII

452 1687 491 1729 DE
510 1689 561 1729 unt
581 1688 791 1730 rennncrlonn
810 1689 848 1730 EI*
867 1688 1050 1730 INFINITA'I'II

255 1859 331 1915 1057.
352 1861 405 1917 De
419 1861 578 1930 perfecto
598 1866 635 1916 et
653 1861 808 1918 infinito.
825 1892 859 1901 —
874 1865 898 1917 A
911 1861 991 1917 bono
1015 1875 1077 1916 non
1092 1860 1291 1930 disjungitur

216 1950 400 2020 perfectum,
410 1951 492 2018 quod
507 1953 555 2006 est
570 1949 683 2004 bonnm
698 1951 754 2006 snb
769 1947 856 2005 cinni
867 1952 1008 2022 respectu
1021 1965 1075 2007 seu
1090 1948 1123 2004 id
1137 1947 1192 2004 cui
1207 1945 1292 2004 nihii

217 2037 313 2094 deest.

251 2128 427 2184 Perfectum
450 2131 568 2212 dicitur
591 2129 723 2185 relative
742 2125 796 2185 'vel
817 2128 962 2184 obsolute,
986 2129 1163 2185 Perfectum
1183 2127 1291 2184 relati-

217 2231 292 2272 vum
308 2220 354 2273 est
369 2218 446 2274 illud
459 2219 540 2288 quod
556 2219 661 2288 aliquo
677 2233 788 2288 genere
804 2219 1001 2282 continetur;
1019 2219 1098 2274 unde
1118 2219 1167 2273 est
1186 2217 1219 2273 id
1239 2217 1291 2272 cui

217 2306 298 2362 nihil
318 2307 404 2363 deest
423 2309 456 2362 in
484 2322 541 2364 suo
564 2323 706 2376 genere:
734 2307 889 2377 ejusmodi
913 2309 995 2364 esset
1019 2307 1112 2363 homo
1137 2307 1291 2377 optimum

217 2395 325 2466 plante
337 2395 456 2466 optime
470 2399 519 2452 vel
531 2397 653 2452 fructus
666 2397 806 2467 optimus
822 2397 854 2450 in
870 2396 928 2452 sut
942 2397 1054 2466 specie.

253 2493 428 2548 Perfectum
457 2496 562 2550 eutem
591 2495 770 2550 absolutum
796 2493 990 2550 transcendIt
1018 2493 1123 2549 omniu
1152 2505 1290 2562 genere;

218 2583 299 2638 unde
314 2582 406 2638 estid
420 2583 470 2639 cui
485 2583 564 2638 nihil
575 2584 661 2640 deest
675 2583 827 2646 absolute,
839 2585 969 2652 ideoque
981 2597 1043 2639 uon
1054 2582 1160 2638 differt
1171 2581 1209 2636 eb
1221 2582 1291 2652 ipso

218 2675 289 2726 Deo.
383 2668 387 2676 '
633 2665 635 2670 ’

252 2761 406 2816 perfectio
421 2762 575 2828 absoluta,
598 2763 634 2817 ut
648 2764 744 2834 patet,
765 2759 952 2816 infinitatem
973 2760 1149 2816 absolutam
1167 2759 1292 2829 impor-

216 2850 276 2904 tet.
297 2849 435 2906 infinitas
451 2851 534 2906 enim
556 2851 673 2922 duplex
695 2851 910 2920 distinguitur,
932 2851 1014 2906 sicut
1038 2849 1199 2919 perfectio.
1222 2849 1291 2904 Alie

215 2940 263 2994 est
274 2939 419 3000 relativa,
439 2953 507 3007 quae
523 2939 641 2996 scilicet
656 2941 835 2996 continetur
856 2941 959 3009 aliquo
981 2953 1117 3008 genere:
1143 2937 1190 2992 ite
1205 2938 1292 2994 esset

216 3028 353 3099 spatium
378 3029 428 3082 vel
456 3029 580 3099 tempus
611 3028 783 3084 infinitum.
814 3029 883 3084 Alie
909 3033 956 3085 est
983 3027 1138 3091 obsolute,
1169 3027 1290 3083 scilicet

215 3119 346 3189 propter
364 3131 419 3172 ens
443 3117 566 3188 Ipsum3
591 3132 658 3187 quae
679 3119 736 3174 soli
760 3119 937 3174 Decetiam
960 3117 1116 3172 convenit.
1134 3117 1222 3172 Unde
1247 3117 1290 3172 sit

216 3207 338 3263 thesis:

250 3311 369 3367 Tunsrs.
396 3343 428 3352 —
454 3311 538 3366 Dens
567 3315 611 3366 est
639 3312 775 3369 absolute
798 3313 956 3385 perfectus
983 3313 1109 3386 ejusque
1137 3310 1289 3384 perfectio

217 3416 324 3455 ornnes
339 3402 562 3456 creaturarum
578 3402 782 3473 perfectiones
803 3401 978 3458 eminenter
996 3402 1143 3461 continet.
1160 3403 1289 3458 -Item

214 3492 260 3544 est
289 3489 499 3545 essentialiter
530 3491 559 3544 et
589 3490 726 3546 absolute
753 3490 909 3564 Infinitum
930 3523 965 3532 —
987 3492 1114 3564 ejusque
1141 3490 1290 3563 infinitas

215 3594 442 3649 quamcumque
454 3577 648 3651 Infinitctem
662 3583 887 3636 creaturarum
903 3579 1105 3636 transcendit.

247 3773 380 3840 ‹1)1a‚q.
399 3776 437 3833 ιε,
452 3791 476 3826 a.
496 3775 524 3826 s.
