2910 4568
240 423 258 478 b
653 467 655 469 ,
669 389 884 514 psucuebo'cu

239 546 356 603 rieutli
373 545 500 603 interna
523 560 578 602 seu
600 508 1106 622 conscientiaapprehenduntur.
1129 545 1184 601 llla
1204 546 1311 601 antem

240 635 387 691 versatur
413 647 505 691 coroa
526 648 644 716 organa
667 649 839 705 eorumque
863 634 1050 701 functiones,
1075 649 1145 704 quse
1169 635 1312 692 sensibus

240 723 381 780 externis
396 722 621 780 observantur.

274 848 338 903 714.
354 847 751 920 Psyche-physiolopla.
765 879 798 890 -
814 850 891 905 Hinc
904 849 969 920 iam
986 849 1131 906 videmus
1146 849 1310 904 scientiam

239 951 351 994 novam
368 951 462 1007 quam
484 939 598 994 vocant
607 936 966 1010 psyche-physiolopiam
981 953 1043 994 non
1058 953 1126 994 esse
1143 931 1240 993 unam
1256 937 1310 994 sed

239 1025 405 1098 duplicem,
422 1026 504 1082 sicut
525 1026 775 1098 anthropologia,
792 1030 921 1096 quaeest
943 1027 1074 1083 scientia
1095 1028 1133 1083 de
1151 1026 1257 1082 anima
1279 1028 1312 1083 et

238 1129 381 1188 corpore.
398 1115 511 1171 Eadem
536 1117 667 1172 scientia
686 1130 748 1172 non
771 1117 963 1188 potestesse
987 1117 1123 1172 hominis
1138 1116 1259 1188 physici
1280 1117 1313 1172 et

239 1203 375 1262 hominis
395 1205 532 1271 moralis,
548 1206 620 1261 obm
634 1205 768 1262 diversis
784 1205 948 1278 principiis
963 1205 1150 1279 diverstque
1164 1205 1311 1262 methodo

239 1294 409 1362 utrumque
427 1293 585 1350 bominem
605 1309 841 1364 cognoscamus.

276 1426 338 1482 715.
360 1426 597 1498 Psyoholopla
619 1433 837 1500 comparata.
858 1457 892 1470 -
917 1427 1120 1498 Psychologia
1141 1427 1241 1497 igitur
1264 1427 1313 1483 θεῖ

239 1515 373 1572 scicntia
398 1515 558 1582 distincta,
580 1518 724 1586 quamvis
747 1518 893 1590 pluribus
918 1518 988 1573 aliis
1012 1517 1183 1586 adjuvetur
1204 1516 1312 1583 eisque

239 1604 388 1675 coniungi
402 1605 512 1676 possit.
534 1607 579 1661 lta
593 1607 642 1662 est
657 1607 784 1663 omnino
799 1607 948 1664 distincta
971 1607 1009 1664 ab
1034 1606 1168 1662 historia
1186 1607 1310 1661 anima-

240 1694 328 1759 lium,
344 1696 489 1763 quamvls
514 1694 551 1750 ed
572 1696 683 1751 utatur
702 1695 846 1752 feliciter.
873 1698 949 1752 Hinc
970 1693 1166 1769 psycbolopia
1189 1709 1312 1766 compa-

239 1782 333 1845 rata;
350 1798 419 1853 quae
434 1797 497 1840 non
518 1784 567 1839 est
581 1799 668 1840 mera
689 1785 823 1840 historia
838 1784 990 1842 naturalis
1014 1785 1198 1840 animalium
1214 1784 1311 1839 simul

239 1871 272 1927 et
287 1871 463 1938 hominum,
479 1872 533 1928 sed
558 1873 662 1942 potibs
678 1875 814 1944 cognitio
836 1875 948 1930 animae
969 1875 1128 1930 sensitivae
1146 1873 1310 1928 bominum

240 1975 298 2032 per
316 1961 455 2016 animam
471 1962 650 2026 brutorum,
664 1962 698 2017 in
715 1963 829 2032 quibus
854 1978 962 2019 omnes
981 1962 1100 2034 species
1124 1961 1175 2017 vel
1193 1961 1311 2030 gradus

239 2047 459 2106 sensibilitatis
473 2049 642 2106 observare
658 2049 741 2106 licet.

275 2173 339 2229 716.
357 2173 597 2244 Psycholopia
611 2175 821 2245 rationalis;
836 2174 1072 2247 psycholopla
1091 2175 1311 2246 experimen·

240 2261 340 2318 talis.
377 2293 412 2302 -
439 2265 484 2318 Ex
509 2263 557 2320 his
585 2263 730 2320 videmus
762 2264 997 2335 psychologiam
1031 2279 1182 2321 essenon
1207 2265 1308 2320 solum

242 2350 439 2416 rationalem,
474 2353 528 2408 sed
559 2353 652 2409 etlam
681 2353 974 2424 experimentclem.
1016 2353 1172 2417 ceterbm,
1207 2353 1310 2408 omnis

219 2440 381 2504 scientia,
406 2443 442 2497 ut
466 2442 539 2496 alibi
560 2446 720 2498 ostensum
742 2444 790 2498 θεῖ
812 2444 870 2513 (cp.
888 2443 991 2513 narn),
1008 2441 1126 2513 duplici
1152 2441 1309 2508 methodo,

145 2581 153 2599 ,
240 2529 481 2600 experimentali
505 2531 625 2586 scilicet
646 2532 678 2587 et
701 2531 858 2597 rationali,
877 2531 925 2587 uti
949 2531 1052 2588 debet.
1076 2532 1190 2586 Errant
1209 2531 1311 2599 igitur

241 2618 296 2686 qui
316 2618 440 2674 nonnisi
461 2619 693 2689 psychologiam
709 2619 985 2691 experimentalem
999 2622 1182 2690 agnoscunt.

276 2752 341 2806 717.
358 2751 564 2809 Necessitas
582 2755 831 2824 experientia.
853 2785 887 2794 -
909 2755 967 2811 Sed
989 2755 1188 2817 concedimus
1212 2770 1312 2826 expe-

242 2841 391 2896 rientiam
413 2856 481 2898 esse
500 2843 691 2913 psycbologo
713 2843 913 2900 utilissimam
936 2845 969 2900 et
989 2843 1207 2900 necessariam.
1225 2845 1312 2900 Unde

241 2929 406 2986 attendere
426 2929 574 2986 debemus
597 2946 658 2987 non
685 2932 787 2987 solim
815 2933 852 2988 ad
872 2933 996 2988 nostras
1023 2933 1169 3004 proprias
1190 2933 1312 3002 cogita-

242 3019 344 3075 tiones
358 3019 413 3074 aut
430 3019 508 3075 alias
523 3020 712 3086 affectiones,
728 3022 781 3076 sed
796 3021 891 3076 etiam
907 3021 945 3076 ad
960 3021 1080 3076 indoles
1100 3021 1264 3076 bominum
1279 3023 1312 3078 et

245 3121 346 3164 moros
375 3108 474 3165 totius
506 3109 666 3166 societatis
694 3125 814 3166 necnon
842 3109 881 3166 ad
909 3109 1073 3166 historiam
1102 3109 1309 3181 populorum.

243 3197 375 3266 Expedit
398 3197 519 3268 pariter
541 3197 709 3254 observare
735 3199 858 3254 morbos
884 3198 1045 3262 mentales,
1071 3199 1311 3266 alucinationes,

243 3287 365 3342 somnia
375 3287 498 3356 aliaque
509 3287 826 3356 ejusmodinttamen
842 3288 968 3344 nonnisi
979 3287 1312 3352 ratione,conscientid

242 3375 275 3431 et
288 3375 466 3445 cognitione
481 3375 531 3431 sui
546 3376 645 3446 ipsius
660 3375 843 3447 perficietur
855 3377 985 3433 scientia
998 3376 1229 3448 psychologica.

278 3500 340 3555 718.
357 3499 552 3556 'tractatus
567 3499 708 3556 divisio.
725 3531 759 3542 -
778 3501 936 3558 Generalis
956 3501 1070 3584 divisio
1094 3501 1249 3558 tractatis
1273 3503 1312 3558 de

242 3587 348 3644 animd
361 3602 380 3644 a
394 3590 422 3644 S.
438 3589 494 3644 Th.
508 3589 552 3647 sic
566 3589 723 3645 traditur:

277 3695 355 3760 Quia
369 3697 540 3752 secuudum
565 3695 749 3766 Dionysium
766 3697 828 3752 tris
842 3696 1049 3753 inveniuntur
1068 3697 1101 3751 in
1126 3697 1313 3754 substantiis

242 3766 470 3850 spiritualibus,
488 3766 607 3823 scillcet
621 3769 768 3832 essentia,
785 3769 888 3823 virtus
904 3770 935 3823 et
950 3769 1103 3838 operatio,
1118 3769 1222 3840 primo
1242 3784 1313 3824 con-

241 3837 448 3895 srderabimus
463 3853 501 3895 ea
515 3853 584 3908 quae
604 3839 765 3910 pertinent
779 3839 818 3894 ad
842 3839 1009 3895 essentiam
1034 3840 1158 3904 animae,
1175 3841 1313 3897 secundo
