2910 4568
256 381 293 438 50
686 398 901 442 rsrcnonocm

258 505 553 578 comprehendimus
566 520 673 562 omnes
698 521 809 563 sensus
832 507 961 578 proprie
973 507 1083 571 dictos,
1100 508 1165 562 tam
1185 507 1327 566 internos

256 596 350 664 quam
365 597 523 660 externos,
545 597 688 664 quisunt
706 615 718 646 «
734 597 927 667 praeambula
941 597 980 652 ad
997 597 1236 662 intellectum»,
1254 611 1328 653 neo-

257 699 319 740 non
340 685 517 755 appetitum
541 685 730 742 sensitivum
752 699 808 741 seu
822 686 993 756 passiones.
1010 685 1150 741 Primum
1169 685 1327 754 agendum

255 775 303 829 est
319 773 356 828 de
373 773 515 830 sensibus
530 774 668 830 externis
684 775 777 844 atque
793 773 830 830 de
846 775 1022 830 sensatione
1039 773 1073 830 in
1088 787 1214 843 genere.

291 907 354 962 805.
378 907 430 966 De
447 907 609 978 quinque
622 907 791 964 sensibus
809 909 978 965 externis.
999 938 1032 948 -
1048 907 1179 964 Ratione
1197 905 1325 975 objecti,

255 1009 365 1052 sensus
385 997 536 1053 externus
562 997 610 1052 est
633 996 821 1066 quintuplex
837 1013 844 1050 ι
860 995 956 1062 visus,
984 997 1076 1065 cujus
1099 995 1258 1064 objectum
1278 997 1328 1053 est

256 1085 374 1147 lumen,
397 1086 499 1150 color;
526 1083 665 1151 auditus,
683 1085 772 1155 cujus
792 1085 949 1156 objectum
965 1086 1013 1141 est
1036 1099 1148 1151 sonus3
1165 1083 1325 1150 odoratus,

256 1176 347 1244 cujus
363 1173 521 1244 objectum
536 1175 585 1230 est
599 1175 694 1242 0d0r;
713 1175 831 1245 castus,
857 1176 949 1244 cujus
971 1174 1128 1244 objectum
1152 1175 1199 1230 est
1214 1188 1325 1245 sapor;

255 1264 367 1327 tactus,
391 1263 483 1332 cujus
507 1262 664 1334 objectum
687 1265 736 1320 est
758 1264 892 1319 durities
918 1263 969 1319 vel
989 1263 1148 1342 mollities,
1172 1263 1259 1318 calor
1275 1263 1324 1318 vei

255 1353 367 1420 frigus,
383 1352 442 1407 eto.
632 1412 635 1417 ,
701 1339 702 1342 '

291 1443 412 1510 Organa
427 1454 576 1498 sensuum
595 1442 800 1498 externorum
817 1443 888 1498 sont
910 1441 1003 1507 oculi,
1023 1455 1126 1508 aures,
1143 1455 1245 1506 nares,
1262 1441 1325 1496 lin·

256 1546 328 1600 gua,
340 1531 511 1600 digitorum
532 1533 750 1588 extremitates
768 1533 799 1587 et
816 1533 989 1601 generatim
1009 1545 1115 1588 omnes
1131 1531 1238 1601 partes
1254 1545 1323 1587 cor-

254 1620 340 1691 poris
358 1620 480 1675 molles.
500 1620 545 1676 Ad
555 1621 674 1677 tactum
690 1621 858 1676 revocatur
871 1635 980 1676 sensus
993 1621 1047 1689 qui
1062 1620 1179 1676 dicitur
1193 1635 1322 1675 muscu-

256 1706 346 1764 loris.
368 1709 423 1763 Hic
438 1708 520 1763 enim
544 1722 607 1764 non
621 1710 669 1764 esi
683 1709 770 1764 aliud
785 1709 878 1779 quam
893 1709 997 1766 tactus
1012 1709 1103 1778 ouJ'us
1119 1723 1273 1778 organum
1293 1709 1323 1765 et

255 1797 412 1866 objectum
430 1797 549 1853 suntin
563 1798 632 1868 ipso
648 1813 788 1868 corpore.

291 1887 386 1942 Actus
401 1887 505 1941 autem
527 1900 677 1942 sensuum
701 1888 776 1943 sunt
796 1903 803 1942 τ
820 1887 936 1952 videre,
951 1901 991 1942 au
1014 1901 1072 1951 irc,
1089 1886 1232 1953 odorare,
1249 1901 1323 1956 gus-

254 1976 333 2039 tare,
350 1975 490 2043 tangere,
505 1980 577 2044 eta,
598 1977 650 2043 qui
670 1977 769 2031 variis
792 1977 892 2032 modis
911 1976 1117 2042 exercentur;
1138 1975 1221 2032 unde
1236 1980 1326 2032 varia

255 2065 383 2119 nomina
397 2063 557 2134 accipiunt
569 2064 634 2135 (Er.
651 2079 698 2132 gr.
715 2080 772 2134 pro
793 2065 865 2120 visu
882 2081 888 2118 :
904 2079 1042 2129 cernere,
1058 2064 1209 2136 aspicere,
1225 2065 1324 2136 respi-

255 2167 335 2218 cere,
355 2153 523 2222 suspicere,
540 2153 728 2224 conspicere,
748 2153 877 2221 intueri,
893 2153 975 2223 eto).

285 2286 357 2342 806.
376 2286 541 2342 Notanda
553 2287 720 2356 dequstu
732 2291 770 2342 et
781 2287 877 2342 visu.
895 2317 928 2327 -
944 2287 1203 2343 animadvertere
1218 2289 1324 2344 autem

256 2375 380 2445 oportet
394 2375 562 2444 aliquando
581 2375 692 2431 iisdem
708 2375 837 2431 vocibus
861 2375 1031 2445 significari
1046 2389 1173 2432 sensum
1188 2377 1240 2433 vel
1255 2378 1322 2446 ejus

255 2464 412 2534 objectum
429 2481 436 2518 ε
453 2464 498 2519 ita
511 2465 618 2536 pastus
643 2463 799 2532 significat
823 2465 915 2520 modo
929 2465 1103 2535 potentiam
1122 2466 1271 2533 gustandi
1293 2466 1324 2522 et

254 2553 347 2609 modo
363 2567 507 2624 saporem
521 2553 574 2620 qui
589 2553 755 2622 gustatum
776 2551 860 2608 visos
875 2553 1032 2622 significat
1043 2555 1133 2609 modo
1146 2555 1322 2624 potentiam

255 2642 383 2698 videndi
401 2642 432 2696 et
451 2642 543 2697 modb
558 2641 657 2711 ipsam
678 2657 745 2697 rem
765 2643 815 2697 vel
834 2641 968 2697 sormam
990 2657 1058 2712 quae
1073 2643 1215 2699 videtur.
1238 2644 1325 2709 Quod

255 2744 317 2786 non
332 2731 381 2786 est
395 2729 520 2799 signum
541 2729 746 2794 confusionis,
764 2731 816 2785 sed
838 2731 961 2786 unionis
976 2729 1091 2798 objecti
1104 2732 1135 2788 et
1150 2731 1271 2789 sensds.

290 2860 353 2914 807.
374 2860 509 2914 Tactus
528 2863 584 2914 est
603 2873 733 2914 sensus
756 2859 1049 2915 fundamentalis.
1079 2891 1114 2902 -
1146 2863 1325 2918 Notandum

255 2951 303 3005 est
317 2948 413 3004 etiam
428 2949 510 3016 qubd
524 2937 613 3004 actus
633 2948 798 3014 sentiendi,
817 2949 891 3004 licet
914 2949 956 3006 sit
978 2950 1153 3005 communis
1177 2951 1324 3007 omnibus

255 3037 409 3100 sensibus,
424 3037 530 3092 tamen
544 3037 718 3106 praesertim
732 3037 831 3093 tactui
847 3037 1004 3092 convenit.
1016 3038 1127 3094 Tactus
1142 3039 1324 3094 enimvide-

254 3126 310 3182 tur
324 3139 390 3180 esse
406 3139 515 3182 sensus
530 3125 783 3188 fundamentalis,
808 3127 877 3182 oum
898 3127 940 3181 sit
963 3127 1215 3197 simplicissimus
1239 3128 1324 3183 etin

254 3215 322 3268 toto
337 3227 469 3284 corpore
482 3213 635 3280 resideat3
656 3214 738 3268 unde
752 3213 895 3269 totaliter
909 3214 1014 3270 amitii
1029 3215 1138 3284 nequit
1162 3217 1193 3270 et
1208 3216 1241 3270 in
1257 3217 1323 3271 ani-

256 3303 390 3358 malibus
405 3301 522 3358 inflmis
538 3303 623 3358 solus
639 3303 773 3358 sortasse
788 3303 939 3358 remanet.

289 3437 352 3492 808.
375 3435 543 3506 Quinque
561 3451 691 3492 sensus
718 3439 806 3493 sunt
828 3451 928 3492 verae
945 3436 1092 3506 species.
1113 3467 1149 3477 -
1173 3438 1322 3495 Attamen

255 3525 338 3580 varii
357 3539 467 3581 sensus
490 3539 554 3580 non
577 3526 652 3581 sunt
675 3525 920 3582 modificationes
938 3525 1032 3580 unius
1054 3525 1175 3591 sensus,
1201 3527 1324 3584 scilicet

254 3613 367 3682 tactus,
383 3615 437 3670 sed
453 3615 592 3684 specifice
606 3614 846 3684 distinguuntur
868 3614 952 3670 inter
971 3628 1003 3669 se
1027 3616 1060 3670 et
1077 3615 1114 3671 ab
1134 3615 1202 3686 ipso
1222 3617 1322 3683 tactu,

254 3705 290 3761 ut
302 3705 390 3774 patet
402 3719 441 3758 ex
454 3703 637 3760 diversitate
653 3717 844 3772 organorum
855 3703 1069 3774 etpraesertim
1086 3719 1125 3760 ex
1135 3704 1322 3762 diversitate

252 3793 459 3864 objectorum,
475 3805 609 3862 quorum
632 3793 754 3848 nullum
776 3793 814 3849 ad
839 3793 925 3849 aiiud
942 3792 1048 3850 reduci
1062 3795 1177 3865 potest.
1194 3796 1252 3851 Ex.
1272 3810 1321 3866 gr.
