2790 4546
221 373 276 430 218
707 387 823 429 erulos

225 501 281 555 tur
305 501 437 554 malum.
462 499 507 554 lta
527 498 622 554 etiam
647 499 680 553 in
701 498 833 554 actione.
858 501 934 553 Nam
961 497 1126 568 plenitudo
1149 497 1290 554 bonitatis·
1377 555 1378 564 ,

225 571 295 638 ejus
310 585 371 626 non
394 570 462 625 tota
476 570 621 625 consistit
640 570 672 624 iu
691 569 749 624 sua
767 571 879 639 specie,
904 569 958 624 sed
980 569 1098 637 aliquid
1119 569 1239 625 additur
1252 585 1286 625 ex
1377 585 1378 590 ¹

226 639 275 696 his
300 654 368 710 quae
388 641 562 696 adveniunt
585 641 733 708 tanquam
755 640 928 696 accidentia
948 641 1110 708 quaedam;
1133 641 1164 695 et
1182 641 1284 710 hujus-

229 712 311 768 modi
331 714 407 768 sunt
425 713 670 768 circumstantiae
689 711 809 766 debitae.
831 711 917 767 Unde
932 711 958 766 si
977 712 1096 779 aliquid
1118 712 1197 767 desit
1214 712 1307 780 quod:

228 783 410 852 requiratur
423 784 460 838 ad
481 783 600 839 debitas
612 783 877 847 circumstantias,
894 783 956 838 erit
970 783 1052 838 actio
1068 782 1152 837 mala
1166 783 1216 852 (l).

264 899 411 956 Attamen
433 899 679 954 circumstantiae
694 912 756 954 non
780 899 853 954 sunt
876 913 999 970 semper
1015 913 1102 953 mera
1116 899 1286 962 accidentia,

228 988 282 1044 sed
306 989 490 1058 quandoque
510 989 610 1058 ipsam
630 988 795 1044 essentiam
816 987 931 1057 objecti
954 986 1196 1056 ingrediuntu1·;
1215 988 1287 1043 unde
1378 1033 1379 1036 ,

230 1078 354 1133 mutent
368 1078 502 1148 speciem
519 1076 669 1132 moralem
685 1076 773 1132 actus
790 1092 797 1130 ε
814 1091 862 1131 ex.
877 1091 924 1145 gr.
940 1076 1041 1131 furari
1056 1090 1107 1132 res
1127 1091 1227 1132 sacres
1240 1077 1288 1132 aut
1378 1067 1379 1122 ῗ

228 1165 370 1222 occidere
385 1166 416 1220 in
430 1166 497 1222 loco
513 1168 630 1221 sancto.
645 1164 731 1222 Unde
747 1165 822 1221 dicit
839 1167 867 1220 S.
884 1165 939 1220 Th.
955 1183 962 1220 :

262 1271 369 1335 Locus,
393 1273 445 1340 qui
471 1273 559 1342 prius
583 1271 841 1327 considerabatur
868 1273 904 1327 ut
936 1272 1184 1334 circumstantia,
1212 1279 1291 1327 nunc'

227 1345 447 1403 consideratur
461 1345 497 1399 ut
511 1343 693 1416 principalis
705 1344 842 1399 conditio
851 1343 964 1410 objecti
976 1345 1091 1399 rationi
1107 1358 1284 1413 repugnans.

226 1415 263 1470 Et
288 1430 344 1486 per
370 1415 453 1470 hunc
483 1415 609 1470 modum
639 1415 899 1483 quandocumque
927 1415 1031 1482 aliqua
1060 1415 1287 1470 circumstantia

226 1486 356 1557 respicit
368 1486 533 1555 specialem
551 1486 691 1541 ordinem
707 1485 852 1548 rationis,
867 1484 918 1540 vel
929 1501 988 1556 pro
1002 1487 1052 1540 vel
1067 1490 1187 1540 eontra.
1207 1499 1288 1556 opor-

225 1557 272 1611 tet
291 1557 374 1625 qudd
385 1557 624 1612 circumstantia
637 1556 688 1612 det
702 1557 836 1627 speciem
852 1557 936 1612 actui
952 1557 1074 1622 morali,
1092 1559 1143 1612 vel
1156 1557 1233 1612 bono
1244 1557 1287 1612 vel
1379 1577 1380 1620 ς

229 1627 312 1683 malo
333 1627 382 1698 (2).

265 1750 344 1807 ll9l.
365 1751 418 1807 De
438 1751 649 1808 intentione.
666 1783 700 1791 -
720 1753 777 1807 Sed
802 1752 964 1808 attendere
979 1752 1103 1821 oportet
1122 1752 1288 1822 praesertim

231 1839 268 1894 ad
285 1839 390 1908 finem,
408 1855 468 1895 non
484 1841 608 1908 quidem
625 1840 718 1896 finem
735 1839 846 1913 operis,
862 1841 915 1896 sed
930 1837 1101 1912 operantia,
1124 1841 1240 1895 scilicet
1257 1840 1290 1894 ad

229 1928 324 1984 linem
348 1930 475 2000 proprie
498 1929 626 1994 dictum,
647 1931 701 1998 qui
723 1931 841 1985 dicitur
862 1928 1004 1985 intentio.
1030 1931 1101 1984 Haec
1128 1929 1210 1984 enim
1231 1929 1288 1984 sola

231 2021 279 2074 est
293 2032 386 2074 causa
398 2018 540 2074 formalis
555 2019 644 2074 actis
659 2019 800 2074 humani.
816 2020 902 2085 Quod
915 2020 960 2075 sic
975 2020 1111 2088 explicat
1125 2021 1154 2074 S.
1171 2019 1239 2073 Tha

264 2127 298 2180 ln
313 2127 385 2180 actu
407 2126 586 2182 voluntario
608 2127 772 2182 invenitur
798 2127 913 2194 duplex
942 2127 1041 2192 actus,
1069 2126 1189 2181 scilicet
1207 2127 1285 2179 actus

226 2197 361 2252 interior
379 2198 563 2262 voluntatis
587 2200 618 2253 et
636 2201 724 2252 actus
744 2199 892 2253 exterior.
917 2200 953 2252 Et
974 2201 1105 2265 uterque
1120 2198 1230 2252 horum
1244 2208 1284 2249 ac·

226 2271 316 2323 tuum
332 2268 425 2324 habet
439 2283 531 2324 suum
544 2269 713 2338 objectum.
729 2270 813 2324 Finis
825 2270 929 2324 autem
942 2270 1068 2339 proprie
1080 2271 1128 2324 est
1138 2269 1290 2338 objectum

225 2339 388 2394 interioris
410 2340 498 2395 actus
513 2341 704 2405 voluntarii;
729 2341 761 2394 id
788 2342 894 2396 autem
919 2341 1003 2395 circa
1031 2342 1112 2409 quod
1142 2344 1189 2396 est
1211 2339 1282 2392 actio

225 2410 364 2466 exterior
379 2415 426 2466 est
441 2411 596 2479 obJectum
613 2412 692 2479 ejus.
709 2412 795 2466 Sicut
809 2412 908 2480 igitur
920 2413 1009 2466 actus
1029 2410 1168 2466 exterior
1182 2408 1284 2478 accipit

225 2481 359 2550 speciem
379 2482 417 2537 ab
432 2483 553 2552 objecto
574 2483 657 2538 circa
672 2483 752 2550 quod
778 2485 835 2545 est,
856 2483 902 2536 ita
929 2484 1018 2537 actus
1033 2482 1167 2536 interior
1180 2481 1283 2536 volun*-

224 2554 299 2608 tatis
319 2553 433 2621 accipit
448 2555 581 2623 speciem
597 2568 616 2607 a
630 2554 690 2608 fine
706 2554 789 2608 sicut
804 2568 823 2607 a
837 2555 965 2624 proprio
988 2553 1124 2621 objecto.
1143 2552 1175 2607 Id
1189 2553 1282 2606 autem

224 2623 305 2691 quod
319 2627 366 2679 est
381 2639 420 2678 ex
435 2633 524 2694 parte
541 2625 722 2689 voluntatis,
739 2639 771 2679 se
788 2624 879 2680 habet
899 2626 934 2680 ut
953 2625 1085 2679 formale
1108 2623 1146 2678 ad
1161 2624 1192 2678 id
1211 2620 1283 2690 quod
1381 2609 1382 2636 l

226 2697 326 2748 estex
347 2697 437 2764 parte
452 2696 616 2751 exterioris
635 2696 740 2754 actus:
766 2697 840 2764 quia
862 2697 1008 2751 voluntas
1024 2697 1128 2750 utitur
1148 2692 1283 2748 membris

224 2765 262 2819 ad
277 2766 431 2833 agendum
452 2767 534 2822 sicut
555 2767 903 2834 instrumentistneque
923 2769 1011 2822 actus
1034 2766 1206 2821 exteriores
1233 2764 1284 2816 ha-

226 2835 299 2890 beat
314 2837 468 2891 rationem
495 2839 683 2893 moralitatis
707 2838 767 2892 nisi
789 2837 821 2893 in
845 2841 997 2904 quantum
1016 2839 1090 2892 sunt
1111 2834 1301 2891 voluntarii.-

225 2909 263 2961 Et
277 2907 346 2961 ideo
361 2907 449 2962 actis
474 2908 603 2963 humani
626 2910 745 2978 species
760 2910 937 2964 formaliter
951 2909 1170 2964 consideratur
1189 2919 1285 2962 secun·

224 2978 298 3103 datii]
309 2977 418 3120 ᾒῶῑιω
432 2980 638 3036 materialiter
648 2985 753 3034 autem
768 2981 938 3035 secuudirm
955 2979 1112 3048 obiectum
1128 2977 1287 3046 exterioris

225 3063 260 3103 ac
298 3063 312 3104 s
371 3088 377 3100 .

262 3174 338 3231 1192.
361 3175 461 3230 Finis
474 3175 698 3244 iustificatne
712 3175 854 3230 media?
870 3205 904 3213 —
923 3173 1008 3228 Licet
1021 3173 1093 3229 finis
1110 3174 1152 3229 sit
1166 3171 1288 3228 maximi

224 3264 376 3319 momenti
392 3265 424 3318 in
441 3263 622 3328 moralibus,
649 3279 710 3319 non
734 3264 804 3319 ideo
820 3264 926 3318 tamen
937 3261 1095 3332 justificat
1110 3263 1213 3319 media
1226 3275 1286 3329 quae

220 3353 348 3409 aliunde
373 3353 476 3408 esseut
501 3353 671 3408 intrinsece
694 3353 802 3419 mala;
830 3353 883 3407 sed
905 3352 1030 3422 oportet
1048 3352 1085 3407 ut
1110 3352 1211 3406 media
1231 3348 1287 3405 sint

222 3443 333 3498 saltem
349 3441 573 3500 indifferentia.
593 3442 709 3510 Siquis
729 3443 813 3498 enim
834 3440 1013 3496 intenderet
1027 3439 1123 3496 linem
1148 3441 1286 3496 obtinen-

221 3531 296 3586 dum
311 3546 368 3600 per
387 3531 489 3586 media
505 3533 595 3597 mala,
616 3529 683 3598 J'am
703 3532 762 3587 hoc
785 3531 855 3601 ipso
871 3529 1049 3585 intenderet
1067 3531 1196 3593 malum,
1212 3525 1286 3582 indi·

253 3681 291 3744 (ι)
302 3681 385 3756 naa,
402 3696 427 3730 a.
444 3681 469 3730 a.

254 3743 477 3869 tillittt·
