2828 4550
235 427 337 469 cnrur
357 427 407 468 nv.
425 443 458 454 -
473 423 522 468 n0⁸
537 409 814 480 elnonensem,
823 411 886 479 944,
896 411 958 476 945,
966 413 1028 468 946,
1119 413 1171 470 109

131 537 192 593 943.
212 536 437 594 Positivistae
451 537 595 592 hodierni
619 538 724 593 totum
749 537 937 592 sensismum
961 539 1165 600 renovarunt,

103 626 232 682 dicentes
253 626 462 694 cognitionem
486 626 731 682 intellectualem
757 641 819 681 non
844 625 970 681 differre
990 639 1009 680 a
1027 626 1165 681 sensibili

104 714 155 770 nisi
167 716 280 785 gradu,
297 715 470 770 subtilitate
485 715 536 770 vel
551 715 780 784 complexione.

131 805 237 859 -Sed
254 804 364 858 multis
388 805 420 858 in
435 805 510 860 locis
526 805 575 859 hic
596 818 686 859 error
707 803 773 871 Jam
801 803 981 860 confutatus
1005 804 1062 860 est.
1079 808 1167 860 Nunc

103 893 386 949 animadvertamus
409 893 605 949 solummodo
622 893 707 948 ideas
729 893 856 956 infiniti,
877 907 989 957 causae,
1015 893 1166 948 substan-

102 982 157 1047 tia,
173 981 353 1046 necessarii,
369 981 567 1052 obligationis
583 983 614 1037 et
628 983 732 1046 offleii,
745 983 815 1046 etc,
832 982 984 1052 explicari
1000 997 1060 1038 non
1075 997 1166 1052 posse

103 1072 155 1128 nisi
173 1086 230 1140 per
252 1070 425 1142 potentiam
442 1071 578 1139 aliquam
593 1071 644 1126 vel
658 1072 804 1127 naturam
827 1071 1034 1142 spiritualem.
1052 1073 1166 1128 Sensus

103 1161 129 1217 et
141 1161 303 1231 passiones
318 1160 476 1229 explicant
495 1159 620 1228 quidem
640 1160 798 1215 hominem
821 1160 1000 1224 animalem,
1022 1175 1084 1216 non
1108 1175 1164 1216 au-

104 1250 160 1305 tem
175 1249 335 1305 hominem
351 1248 516 1304 honestum
532 1249 564 1304 et
578 1248 772 1304 rationalem.

132 1378 193 1431 944.
212 1376 384 1446 systema
402 1374 568 1430 idearum
594 1375 813 1430 innatamm.
840 1375 941 1431 Plato
967 1376 1016 1445 (1).
1040 1407 1073 1418 -
1096 1379 1168 1433 Sen-

103 1466 191 1522 sismo
221 1464 391 1534 opponitur
414 1463 570 1520 contrarie
594 1463 775 1534 hypothesis
803 1465 946 1521 idearum
971 1465 1164 1533 innotarum,

103 1557 186 1626 cujus
201 1555 312 1609 auctor
328 1553 507 1622 praecipuus
521 1552 583 1607 fuit
596 1553 693 1607 Plato.
711 1553 884 1609 Secundum
904 1555 1074 1620 Platonem,
1091 1558 1165 1610 ani·

103 1659 154 1700 mae
172 1645 327 1706 humanae,
344 1643 416 1696 ante
436 1641 515 1696 hanc
530 1643 627 1697 vitam
652 1642 826 1706 mortalem,
851 1644 1040 1712 acceperunt
1062 1659 1081 1699 a
1102 1649 1163 1701 Deo

103 1734 180 1788 ideas
199 1747 253 1788 seu
276 1731 393 1800 species
413 1729 635 1810 intelligibiles,
662 1745 737 1798 quas
757 1745 840 1786 nunc
861 1732 1052 1801 intelligunt,
1068 1737 1163 1805 prout

102 1821 234 1877 sensibus
256 1820 437 1874 excitantur
451 1819 488 1873 ad
512 1819 765 1888 intelligendum.
789 1821 876 1876 Unde
900 1821 1031 1876 scientia
1054 1826 1162 1879 nostra

103 1912 178 1966 esset
191 1911 279 1978 quasi
295 1905 535 1962 reminiscentia
550 1908 600 1962 vel
615 1908 815 1963 conscientia.

133 2031 166 2040 -
180 2000 217 2054 At
233 1999 321 2053 falso.
339 1999 414 2050 Nam
436 1998 512 2050 unio
527 1998 640 2051 animae
664 2011 734 2051 oum
750 2011 890 2068 corpore,
907 1999 977 2053 cbm
1002 1999 1044 2054 sit
1073 2004 1161 2056 natu·

102 2088 181 2153 ralis,
197 2085 358 2142 scientiam
379 2085 632 2155 praeexistentem
649 2101 711 2140 non
731 2085 936 2142 obnubilaret.
960 2089 1085 2155 Deinde,
1108 2105 1162 2146 se-

14 2207 15 2212 1
102 2176 229 2232 cundum
245 2176 326 2229 hanc
349 2174 559 2244 hypothesim,
576 2175 707 2230 scientia
731 2175 867 2230 humana
882 2179 1065 2231 versaretur
1079 2180 1163 2234 circa

14 2337 15 2340 Ἴ
102 2264 191 2329 ideas,
206 2279 266 2320 non
287 2263 392 2318 autem
408 2263 491 2318 circa
504 2277 555 2318 res
570 2264 664 2334 ipsas,
682 2264 764 2318 esset
778 2263 909 2318 scientia
924 2265 1033 2320 mundi
1049 2266 1163 2322 intelli·

102 2353 207 2420 gibilis,
225 2368 285 2408 non
301 2353 406 2406 autem
434 2351 538 2406 mundi
560 2352 664 2406 realis.
690 2352 746 2406 Sed
771 2366 883 2406 revera
910 2354 1045 2409 mundus
1068 2357 1162 2412 realis
1221 2405 1222 2410 ,

101 2441 148 2497 vel
161 2442 313 2498 sensibilis
334 2440 515 2496 eimundus
535 2439 755 2509 intelligibilis,
779 2455 841 2494 non
865 2441 910 2495 ita
936 2446 1160 2510 opponuntur3

103 2528 159 2584 imo
181 2530 426 2599 conjunguntur,
455 2529 559 2584 itaut
586 2528 690 2594 bomo,
715 2529 924 2585 abstrahendo
950 2531 1101 2586 essentias
1130 2535 1163 2588 et

104 2619 221 2674 naturas
236 2634 255 2674 a
268 2619 364 2674 rebus
378 2617 588 2682 sensibilibus,
606 2619 776 2684 utrumque
792 2621 968 2686 cognoscat.

134 2742 190 2798 945.
217 2743 405 2800 Gartesius
429 2743 597 2811 distinguit
617 2742 735 2811 triplex
759 2743 900 2798 idearum
928 2759 1048 2812 genus:
1076 2746 1162 2802 ideas

107 2829 381 2898 accinctaeque
403 2831 545 2886 sensibus
567 2831 794 2898 acquiruntur:
815 2831 900 2886 ideas
914 2829 1068 2901 facticios,
1085 2847 1161 2902 quas

106 2933 180 2976 mens
207 2921 267 2978 sibi
294 2921 457 2985 efformat;
486 2920 572 2975 ideas
595 2917 734 2982 innatos,
765 2934 832 2987 quae
859 2934 929 2974 cum
952 2921 1020 2991 ipsa
1047 2923 1162 2978 natura

105 3004 254 3066 habentur.

132 3127 163 3137 —
180 3099 236 3154 Sed
250 3100 317 3154 haec
332 3098 492 3153 distinctio
511 3096 653 3152 idearum
678 3098 726 3151 est
746 3096 929 3163 arbitraria3
955 3112 1027 3152 nam
1052 3113 1159 3155 omnes

106 3181 170 3242 ideae
184 3187 294 3244 iisdem
310 3186 543 3242 characteribus
559 3185 778 3241 essentialibus
793 3185 1030 3255 insigniuntur;
1045 3201 1100 3242 nec
1115 3189 1160 3242 vi-

106 3271 186 3331 detur
199 3279 255 3332 cur
270 3291 332 3332 non
343 3289 450 3330 omnes
465 3276 571 3330 ortum
588 3274 740 3329 haberent
754 3289 793 3329 ex
807 3275 960 3339 sensibus,
978 3289 1033 3344 per
1051 3275 1159 3330 virtu-

106 3363 157 3418 tem
183 3365 407 3421 abstractivam
435 3363 625 3419 intellectus.
649 3364 803 3428 Ceterum,
825 3364 983 3420 Cartesius
1005 3365 1159 3420 concessit

105 3447 175 3507 ideas
184 3468 248 3508 esse
262 3453 388 3508 innatas
399 3454 552 3521 quatenus
567 3453 599 3506 in
614 3451 757 3521 potentia
770 3451 962 3508 intellectiva
977 3452 1159 3508 virtualiter

106 3539 298 3597 continentur.
985 3559 986 3564 ¹

131 3663 187 3718 oto.
207 3665 313 3730 Wolf,
330 3665 408 3721 duce
425 3665 592 3729 Leibnizio‚
607 3665 768 3720 contendit
786 3665 887 3721 ideam
904 3663 1064 3720 confusam
1079 3668 1155 3721 uni-

128 3831 204 3895 (1)(31.
218 3835 244 3886 S.
263 3835 375 3893 Th.,1a,
394 3849 420 3899 q.
435 3834 475 3892 al,
494 3850 516 3886 a.
535 3835 558 3896 l,
576 3833 631 3884 aet
644 3834 669 3886 4.
