2910 4568
345 419 455 461 cnrur
468 420 522 462 nu.
535 437 568 446 -
583 417 632 460 n0⁸
648 405 710 471 860,
720 407 783 472 861,
792 405 855 470 862,
867 406 930 471 863,
941 408 1003 462 sel.
1181 411 1213 468 71

142 529 303 585 memoriae
318 543 382 586 non
397 530 539 586 differret
553 531 590 585 ab
605 532 676 587 actu
692 532 900 602 perceptionis
912 534 1061 598 externae,
1074 533 1217 602 nisiquie

140 619 303 690 perceptio
328 619 461 675 externe
476 619 558 675 esset
573 619 673 688 magis
694 621 811 676 vivide.
830 621 886 677 Sed
902 621 1024 677 eertum
1043 629 1092 676 est
1106 635 1215 678 sensus

140 707 291 763 externos
307 707 345 762 ad
360 708 502 764 internos
517 709 657 764 revocari
672 723 735 764 non
749 724 849 779 posse.
870 711 1027 766 Praeteree
1040 709 1154 765 falsum
1168 711 1216 764 est

142 796 339 852 sensationes
354 797 500 852 externos
515 811 582 853 esse
597 811 721 868 semper
734 797 925 854 viridiores:
947 813 1028 870 seepe
1044 799 1126 854 enirn
1140 798 1215 853 ime·

142 885 305 954 ginetione
324 887 356 941 et
375 885 527 942 memorie
542 886 641 956 magis
659 901 824 942 movemur
842 889 933 957 quem
950 889 1153 960 perceptione
1165 902 1216 943 ex-

141 973 243 1029 terne.

177 1064 275 1118 Actus
305 1064 465 1119 memoriae
491 1064 588 1120 variis
617 1064 716 1120 modis
741 1065 899 1136 explicent
922 1065 1110 1136 philosophi,
1133 1066 1216 1121 sicut

140 1153 244 1222 ipsam
262 1153 422 1208 memoriae
438 1147 598 1209 naturum.
617 1154 678 1209 Alii
691 1155 773 1210 enim
789 1157 904 1226 putant
922 1157 1116 1210 sensationes
1129 1169 1214 1226 pree-

140 1241 254 1298 terites
270 1255 433 1296 remanere
446 1242 550 1311 aliquo
568 1243 658 1298 modo
669 1244 701 1298 in
712 1245 838 1312 organis
849 1246 979 1314 propter
992 1244 1214 1314 impressiones

140 1333 285 1402 receptes
298 1331 387 1386 etita
400 1345 492 1402 posse
506 1331 698 1387 reviviscere
713 1335 744 1388 et
758 1335 948 1402 recognosci.
963 1333 1024 1388 Alii
1038 1334 1148 1388 contre
1162 1348 1214 1388 ex-

139 1421 262 1492 phcent
282 1422 370 1476 uetus
390 1421 549 1476 memoriae
571 1435 628 1492 per
647 1435 761 1478 nexum
782 1423 916 1491 logicum
941 1423 1094 1478 idearum.
1111 1422 1214 1492 Neque

140 1511 257 1566 desunt
281 1509 469 1581 hypotheses
493 1510 582 1578 quasi
606 1511 817 1577 intermediee;
838 1512 994 1581 ejusmodi
1020 1513 1069 1567 est
1090 1513 1213 1567 theoria

140 1596 360 1655 associationes
390 1596 536 1652 idearum
557 1599 598 1669 (v.
621 1615 651 1654 n.
675 1598 730 1666 721.
755 1601 833 1656 ldeae
853 1601 946 1664 enim,
971 1601 1070 1659 aiunt.
1095 1600 1213 1670 triplici

138 1688 319 1761 praesertim
345 1688 437 1744 modo
460 1689 701 1744 consocientur:
727 1687 948 1752 similitudine,
973 1687 1162 1761 oppositione
1182 1691 1214 1746 et

138 1775 352 1848 contipuitote.

176 1879 247 1932 Haec
263 1877 370 1930 omnin
383 1891 450 1932 esse
463 1891 538 1931 vera
553 1891 615 1932 non
628 1877 815 1939 diffitemur;
830 1877 883 1931 sed
898 1891 960 1931 nou
975 1877 1137 1932 sufficiunt
1152 1876 1213 1931 nisi

140 1965 303 2020 memoriae
320 1965 435 2020 nature
453 1965 570 2036 duplex
586 1965 661 2020 bene
677 1965 886 2034 dignoscetur.
904 1967 998 2021 Actus
1013 1965 1137 2033 quidem
1152 1979 1212 2020 me-

140 2054 251 2110 moriae
263 2053 465 2108 intellectivae
479 2068 536 2123 per
554 2067 670 2108 nexum
684 2054 819 2122 logicum
835 2054 976 2109 idearum
993 2055 1212 2124 explicantur3

138 2144 231 2198 ectus
246 2145 323 2196 vero
337 2143 495 2197 memoriae
509 2142 668 2198 sensitivae
684 2143 948 2212 explicanturper
962 2143 1127 2212 quemdem
1143 2156 1212 2197 oon·

138 2231 343 2287 sociationem
360 2231 574 2286 sensationum
596 2231 646 2286 vel
661 2231 903 2302 impressionum
928 2245 1097 2300 earumque
1117 2231 1212 2285 couti-

138 2319 295 2389 guitetem
311 2319 344 2373 in
357 2321 498 2389 tempore
511 2320 562 2376 vel
576 2321 692 2390 spatio.
710 2320 825 2375 Deinde
850 2333 1043 2388 unoquaeque
1059 2320 1212 2374 memorie

136 2410 184 2465 ita
197 2409 332 2478 adjuvet
346 2410 377 2463 et
391 2407 558 2464 confirmet
570 2410 702 2464 elterem
723 2410 759 2463 ut
781 2423 820 2464 ex
836 2409 956 2464 duobus
972 2423 1034 2464 une
1059 2409 1211 2463 memoria

138 2511 312 2567 exsurgere
327 2497 484 2554 videatur.

173 2633 242 2687 864.
263 2631 446 2688 Memoriae
456 2631 609 2688 cultura.
624 2661 656 2670 -
671 2629 789 2686 Exinde
800 2631 867 2700 jam
883 2631 1074 2700 intelligitur
1084 2632 1208 2698 quentee
1281 2711 1282 2714 Ἴ

137 2721 338 2776 efficacitatis
356 2725 389 2776 et
403 2721 511 2788 quanti
527 2721 678 2776 momenti
694 2721 736 2776 sit
750 2721 875 2776 culture
893 2721 1062 2776 memoriae.
1079 2721 1210 2776 Nonnisi

138 2824 209 2865 eam
229 2809 360 2865 colendo
373 2809 455 2864 liunt
473 2810 556 2866 docti
576 2807 801 2878 cujuscumque
824 2810 963 2865 scientim
978 2809 1029 2863 vel
1043 2810 1134 2864 artis.

576 3157 706 3216 CAPUT
726 3157 779 3215 LII

547 3311 587 3351 DE
610 3311 804 3352 lnrsuhllcrll

172 3467 228 3520 864
243 3463 302 3520 dis.
331 3465 541 3522 Intellectus
556 3466 721 3522 definitio
736 3467 883 3536 duplex.
896 3497 929 3508 -
945 3468 1012 3522 Vox
1034 3464 1208 3522 intellectus

135 3555 298 3626 significet
307 3556 434 3627 proprie
450 3557 482 3612 et
496 3557 605 3612 stricte
619 3557 799 3612 fucultatem
815 3557 1015 3612 abstrahendi
1031 3557 1080 3611 vel
1094 3571 1209 3624 cogno·

135 3645 243 3701 scendi
264 3646 464 3710 universale3
485 3646 518 3700 et
541 3647 605 3701 loto
637 3659 741 3713 sensu,
775 3659 1002 3714 quemcumque
1033 3646 1206 3715 potentiam

136 3734 402 3803 cognoscitivem.
420 3734 507 3790 Unde
530 3733 709 3790 intellectus
731 3735 859 3805 proprie
881 3735 983 3790 dietus
1006 3733 1064 3789 soli
1087 3733 1207 3790 homini

136 3824 223 3878 inter
238 3823 346 3879 omnia
361 3823 511 3878 animalia
532 3823 720 3878 tribuendus
744 3826 804 3880 est.
833 3824 887 3879 Hic
909 3825 1014 3878 eutem
1030 3823 1208 3878 intellectus
