2828 4550
165 419 263 460 cnl’ur
278 418 375 460 nxvll.
388 433 422 444 -
436 413 485 459 N⁰³
496 402 573 465 1127,
583 401 661 468 1128,
671 401 749 462 1129,
759 401 837 462 1130,
848 399 1013 464 1131,1132,
1025 401 1102 456 1133.
1144 403 1195 458 189

167 529 242 584 1129.
261 528 451 586 Sententia
465 541 589 584 eorum
609 527 671 598 qui
688 540 902 582 concursum
920 527 1193 583 antecedentem

124 619 303 689 rejiciunt.
329 649 364 658 -
389 617 564 674 Secundum
594 617 672 671 hanc
696 617 892 680 sententiam,
921 617 991 672 cum
1021 630 1191 673 concursus

14 697 16 700 ’
123 707 253 763 divinus
274 707 316 763 sit
336 707 547 771 immediatus,
565 705 674 774 nequit
697 719 764 761 esse
783 704 988 770 antecedens;
1014 705 1095 760 unde
1117 707 1193 772 reji-

8 813 10 860 ῑ
123 795 212 854 citur
228 795 392 867 praemotic
415 795 466 850 vel
487 795 774 864 praedeterminatio
796 793 937 864 physica,
958 794 989 849 et
1012 793 1195 851 admittitur

8 889 10 918 ;
124 886 321 942 solummodo
355 898 526 940 concursus
557 884 773 948 simultanaus,
802 883 852 938 vel
884 882 1024 940 iniluxus
1052 885 1193 940 simulta-

124 989 217 1031 110118.

165 1099 242 1154 1130.
261 1099 531 1156 Themistamm
547 1097 742 1170 responsio.
764 1129 798 1137 —
818 1097 1016 1169 Respondent
1034 1098 1193 1154 thomistae

123 1202 312 1244 concursum
334 1188 556 1244 simultaneum
584 1202 646 1244 non
661 1187 786 1243 excludi
806 1201 959 1242 concursu
979 1188 1192 1252 antecedente,

123 1281 180 1337 sed
196 1293 262 1336 esse
274 1280 370 1349 hujus
390 1280 667 1336 continuationem.
689 1281 766 1334 sane
780 1279 882 1335 omnis
898 1280 1000 1335 motus
1016 1280 1065 1335 vel
1079 1281 1161 1336 actio
1176 1297 1194 1336 a

123 1371 187 1426 Deo
202 1369 360 1439 procedit;
377 1368 529 1424 actionem
544 1370 648 1424 autem
664 1367 803 1423 divinam
823 1381 890 1422 esse
908 1367 1047 1438 priorem
1072 1371 1104 1424 et
1124 1370 1192 1424 uni·

122 1458 280 1514 versalem
303 1458 408 1513 innuit
427 1471 598 1513 concursus
615 1457 811 1512 antecedens,
828 1455 913 1512 Unde
937 1456 997 1526 ipsi
1018 1456 1192 1512 adversarii

10 1594 15 1603 .
122 1560 313 1604 concursum
329 1546 550 1602 simultaneum
564 1548 680 1602 vocant
694 1545 788 1601 etiam
804 1542 972 1616 laliacum.

161 1681 241 1736 1131.
253 1679 521 1736 'l'homlstarum
534 1679 724 1735 sententia.
737 1710 771 1718 -
785 1679 842 1733 Sed
856 1678 988 1748 insuper
1001 1679 1194 1735 contendunt

120 1769 284 1826 thomistae
299 1782 408 1824 causas
424 1768 584 1830 secundas,
603 1783 664 1823 non
686 1767 823 1838 exceptis
843 1768 945 1823 causis
967 1767 1084 1834 liberis,
1101 1783 1193 1836 agere

121 1859 156 1914 vi
171 1857 389 1928 praenotionis
404 1859 435 1913 et
449 1857 787 1928 praedeterminationis
809 1856 956 1927 physicae.
980 1859 1067 1922 Nam,
1092 1858 1190 1920 aiunt,

120 1949 252 2018 oportet
275 1948 311 2002 ut
333 1960 433 2001 causae
455 1946 597 2002 secundae
622 1945 817 2016 dependeant
837 1960 855 2000 a
879 1944 999 2016 prima;
1022 1959 1192 2002 concursus

120 2037 232 2092 autem
259 2035 466 2091 simultaneus
488 2035 566 2089 hanc
590 2033 830 2106 dependentiam
859 2048 921 2090 non
945 2034 1021 2088 satis
1045 2034 1192 2106 explicat,

119 2125 197 2180 clim
212 2124 254 2180 sit
268 2137 331 2180 non
346 2123 483 2195 praevius
498 2123 613 2179 actioni
628 2124 780 2178 creaturae
794 2123 884 2190 eique
898 2123 1102 2179 extrinsecus.

158 2213 276 2269 Deinde
291 2213 416 2283 oportet
431 2213 467 2268 ut
484 2226 585 2268 causae
604 2211 865 2274 indeterminatae,
882 2211 964 2266 sicut
976 2212 1050 2266 sunt
1063 2225 1195 2280 praeser-

118 2304 186 2360 tim
205 2317 306 2359 causae
325 2303 441 2366 liberae,
456 2316 474 2357 a
489 2301 592 2374 prima
607 2301 700 2357 causa
715 2301 975 2365 determinentur,
992 2301 1022 2355 id
1039 2303 1095 2366 est,
1115 2316 1195 2370 prae-

120 2391 389 2448 determinentur.

159 2479 223 2536 Nec
246 2479 326 2546 ideo,
357 2480 474 2542 dicunt,
497 2471 623 2535 tollitur
649 2479 793 2544 libertam
820 2478 893 2546 quia
915 2477 1001 2532 aliud
1031 2479 1078 2532 est
1104 2491 1196 2546 agere

118 2565 340 2637 infallibiliter
354 2570 386 2624 et
400 2568 486 2623 aliud
501 2583 592 2637 agere
605 2565 790 2622 necessario.

166 2707 244 2764 1132.
263 2707 565 2765 Adversariorum
586 2707 780 2779 responsio.
797 2736 831 2746 -
855 2706 911 2762 Sed
931 2707 985 2760 alii
1008 2706 1198 2776 respondent

119 2799 208 2852 hano
231 2797 590 2866 praedeterminationem
613 2796 773 2867 physicam
799 2795 996 2850 infallibilem
1022 2808 1083 2849 non
1107 2809 1197 2864 posse

119 2885 274 2956 componi
289 2900 359 2940 cum
383 2885 520 2941 humanat
539 2885 693 2940 libertate.
720 2884 902 2939 Admittunt
925 2883 1049 2949 quidem
1073 2897 1196 2938 omnem

120 2975 247 3029 motum
265 2974 315 3028 vel
335 2974 488 3029 actionem
514 2977 607 3029 aDeo
622 2973 800 3044 procedere,
822 2973 875 3028 sed
893 2972 1014 3027 nonita
1036 2974 1140 3027 tamen
1161 2975 1197 3027 ut

119 3063 220 3117 homo
247 3063 348 3131 quoad
376 3067 464 3118 actus
484 3063 597 3118 liberos
620 3062 926 3133 praedeterminetur.
950 3061 1046 3126 Unde,
1067 3060 1093 3116 si
1115 3063 1195 3116 Deus

6 3211 8 3226 ,
38 3165 42 3174 ’
118 3151 265 3221 applicat
281 3151 439 3222 potentias
454 3151 567 3206 liberas
585 3153 738 3206 creaturae
754 3150 792 3205 ad
812 3149 1035 3218 operationem,
1052 3149 1110 3203 hoc
1133 3162 1195 3204 non

6 3253 7 3280 ³
120 3239 262 3310 impedit
276 3239 352 3308 quin
367 3243 513 3296 creatura
528 3240 661 3311 seipsam
683 3239 887 3302 determinet;
907 3236 1047 3292 influxus
1069 3236 1195 3291 divinus

6 3385 7 3408 ἦ
121 3328 178 3384 est
191 3329 316 3396 quidem
328 3329 465 3397 praevius
479 3331 510 3383 et
521 3327 719 3391 universalis,
733 3328 786 3382 sed
802 3325 948 3382 flexibilis
964 3326 1009 3380 ita
1024 3325 1059 3378 ut
1070 3324 1102 3378 vi
1117 3324 1199 3392 eJ'us-

6 3437 8 3480 J
122 3418 196 3473 dem
214 3416 354 3472 influxds
370 3419 515 3473 creatura
529 3416 586 3472 hoc
600 3417 648 3471 vel
664 3416 718 3472 illo
735 3416 825 3470 modo
839 3414 997 3485 operetur.

6 3551 8 3570 ,
164 3505 319 3574 Quidquid
338 3505 390 3570 sit,
407 3520 514 3561 omnes
530 3505 718 3570 scholastici,
737 3505 962 3573 cujuscumque
983 3500 1106 3566 scholae,
1121 3517 1199 3572 prae·

6 3633 8 3676 2
121 3593 291 3652 scientiam
306 3595 337 3648 et
351 3607 538 3650 concursum
552 3594 603 3650 Dei
619 3607 690 3648 cum
706 3594 849 3650 libertate
865 3589 1001 3646 hominis
1012 3603 1197 3660 componere

122 3683 293 3739 conantur.

164 3804 246 3861 1133.
267 3805 443 3876 objectio.
454 3836 487 3846 -
503 3807 618 3862 contra
630 3819 816 3862 concursum
832 3807 885 3862 Dei
899 3806 1116 3862 immediatum
1134 3820 1197 3861 mo·
