2902 4548
681 672 842 738 ΕΤΗΙΟΑ

632 855 769 911 CAPUT
799 855 882 910 LXX

223 985 264 1038 Du
286 999 387 1038 muron
409 999 439 1036 m
462 997 575 1037 annunt
598 998 632 1036 ter
656 997 803 1036 sruorarrn
825 999 861 1036 nn
884 997 1068 1036 nmrmunmn
1093 997 1145 1036 suu
1167 997 1204 1034 nn

257 1075 322 1118 sinu
335 1078 438 1118 unrrno
442 1097 1198 1120 ...........................................
1243 1060 1297 1114 199

253 1168 325 1218 1149.
359 1168 468 1229 Ethim3
497 1167 557 1230 ejus
582 1168 752 1231 praestantia.
784 1194 811 1204 -
844 1166 917 1216 1150.
949 1165 1046 1216 lithies
1083 1166 1226 1216 definitur.
1263 1193 1296 1200 —

130 1263 131 1266 ¹
223 1241 295 1292 1151.
329 1239 430 1288 Ethiete
458 1239 604 1289 relationes
636 1254 699 1288 oum
728 1237 917 1302 psychologit‚
954 1238 1058 1302 logici.
1087 1237 1234 1287 theodissi.
1263 1264 1297 1272 -

221 1311 290 1360 1152.
308 1311 404 1360 Ethios
416 1317 443 1360 et
457 1309 596 1360 theodicus
608 1317 809 1373 comparantur.
825 1309 925 1360 Utrum
940 1308 1028 1358 ethice
1051 1325 1066 1358 a
1086 1308 1226 1358 theodissa
1244 1307 1295 1356 de·

221 1382 354 1448 pendenti
370 1409 399 1420 -
416 1381 485 1431 1153.
504 1381 594 1446 Hujus
608 1382 741 1432 tractetis
753 1380 861 1431 divisio.
875 1409 907 1417 -
922 1381 992 1430 1154.
1008 1381 1047 1430 De
1057 1381 1110 1430 fine
1124 1379 1234 1428 ultimo.

250 1471 357 1520 Tnnsts.
370 1499 401 1508 -
414 1471 513 1521 Omnes
529 1479 607 1520 aetus
620 1470 740 1519 humani
750 1478 818 1518 sunt
825 1479 940 1532 propter
959 1471 1054 1534 finem,
1066 1485 1119 1532 quo
1134 1471 1297 1532 speeifiean-

220 1551 268 1591 tur
283 1543 315 1591 in
324 1543 422 1590 ordine
433 1542 546 1590 utorali.
560 1569 592 1578 -
606 1541 686 1590 Fines
700 1551 794 1590 autem
806 1541 997 1603 particulares
1011 1541 1186 1589 ordinantur
1200 1553 1298 1588 omnes

219 1615 257 1662 ad
270 1613 407 1662 ultimum
418 1615 513 1676 finem,
528 1613 578 1674 qui
591 1621 631 1661 est
645 1613 783 1661 beatitudo
797 1627 846 1660 seu
853 1612 997 1673 perfeetio.
1009 1639 1042 1650 -
1053 1612 1144 1660 Porro
1156 1611 1296 1660 beatitudo

221 1699 288 1732 uera
300 1699 358 1733 non
372 1693 412 1734 est
426 1685 457 1732 in
470 1683 585 1739 divitiis.
603 1698 690 1745 neque
706 1683 737 1732 in
756 1683 914 1737 honoribus,
926 1683 983 1731 eive
997 1684 1029 1732 in
1047 1683 1150 1744 glorta,
1164 1697 1254 1744 neque
1263 1682 1297 1730 in

222 1754 300 1804 bonis
315 1755 438 1818 eorporis
449 1755 542 1804 autin
559 1754 698 1816 voluptate
707 1753 843 1802 sensibili.
856 1755 950 1803 -Sed
965 1753 1145 1802 beatitudinis
1157 1752 1296 1812 objeetum

222 1826 369 1876 invenitur
379 1835 461 1875 entra
475 1827 569 1890 ipsum
585 1826 725 1874 bominem
737 1833 763 1873 et
779 1826 810 1874 in
826 1825 883 1874 solo
900 1826 963 1880 Deo,
980 1840 1061 1888 quem
1081 1825 1161 1873 bomo
1175 1823 1297 1885 attinuit

222 1897 386 1959 eoynitionn
404 1905 430 1945 et
443 1897 528 1946 etiam
543 1897 648 1946 visione
660 1897 798 1945 intuitivd
813 1897 839 1945 si
854 1897 954 1958 apitur
966 1897 998 1943 de
1010 1896 1181 1944 beatitudine
1195 1909 1297 1956 super-

222 1969 361 2017 naturali.
374 1995 406 2006 -
417 1969 513 2019 Cetera
523 1968 595 2016 bona
610 1983 668 2016 non
681 1975 749 2015 sunt
763 1967 821 2016 nisi
832 1967 924 2016 media
935 1977 987 2016 aut
1000 1970 1114 2032 effeetus
1125 1967 1167 2014 uel
1180 1965 1298 2028 eomple-

221 2049 347 2088 mentum
361 2049 485 2102 respectu
498 2039 585 2100 hujus
599 2039 663 2088 boni
673 2039 807 2100 supremi.
820 2067 848 2075 ι-
861 2039 939 2091 Unde
951 2039 1089 2086 beatitudo
1095 2043 1223 2100 perfecta
1238 2051 1298 2085 non

221 2120 260 2160 est
282 2112 314 2159 in
336 2111 384 2159 boe
405 2111 519 2166 munde,
544 2110 607 2159 lieet
625 2110 665 2158 ibi
687 2113 761 2170 torte
781 2109 851 2158 bona
871 2109 957 2157 malis
986 2109 1065 2172 lonpe
1086 2117 1225 2171 proestare
1250 2107 1296 2155 ui-

221 2183 352 2230 deantur.

251 2261 320 2310 1155.
336 2261 436 2310 Omnes
448 2266 525 2310 aetus
541 2259 655 2309 humani
670 2259 723 2309 tine
733 2259 936 2324 specificantur.
953 2287 983 2296 —
1001 2259 1070 2308 1156.
1082 2257 1195 2307 Finium
1207 2257 1296 2322 perti-

220 2331 357 2381 oularium
371 2331 508 2380 ordinatio
522 2331 556 2379 ad
576 2331 659 2380 finem
674 2331 816 2380 ultimum.
833 2357 862 2368 -
877 2329 947 2379 1157.
963 2331 1050 2380 Homo
1069 2329 1222 2379 necessario
1237 2329 1299 2378 bea·

219 2403 369 2452 titudinem
382 2403 489 2466 quaerit.
505 2429 537 2438 -
551 2400 621 2450 1158.
638 2401 780 2451 Bettitudo
795 2409 836 2451 est
849 2401 998 2465 objectiva:
1016 2401 1063 2451 ubi
1077 2401 1113 2450 sit
1123 2399 1296 2464 reponendas

220 2500 249 2512 -
261 2473 332 2523 1159.
346 2473 421 2523 Bona
432 2479 559 2522 externa:
577 2472 689 2529 divitiae,
700 2473 827 2533 honores,
838 2473 934 2535 gloria.
948 2478 1077 2536 potestas.
1092 2469 1208 2522 -1160.
1222 2471 1299 2520 Bona

221 2543 388 2608 corporalis:
406 2544 540 2608 voluptas.
555 2571 586 2580 -
601 2543 670 2594 1161.
687 2543 836 2593 Delectatio
850 2543 1012 2608 spiritualis.
1029 2542 1142 2592 -1162
1159 2539 1296 2604 objectio.

221 2615 330 2664 -1163,
343 2615 525 2664 Beatitudinis
541 2613 694 2678 objectum:
707 2629 762 2664 non
776 2620 817 2663 est
831 2616 859 2662 in
870 2616 929 2678 ipso
940 2613 1060 2675 homine.
1073 2613 1187 2662 -1164.
1199 2611 1297 2676 Objso-

221 2686 318 2736 tiones.
332 2714 360 2724 -
377 2686 446 2735 1165.
465 2685 647 2736 Bestitudiuis
664 2685 801 2749 objectum
822 2692 862 2734 est
877 2685 953 2735 solus
972 2683 1057 2734 Deus
1072 2711 1104 2721 -
1121 2683 1194 2732 1166.
1210 2684 1299 2732 Bouti-

221 2758 290 2807 tudo
307 2757 361 2806 diei
373 2763 461 2821 potest
471 2757 595 2808 omnium
609 2758 742 2806 bonorum
753 2757 892 2808 cumulus.
903 2783 934 2796 -
946 2756 1017 2806 1167.
1038 2754 1180 2813 Quomodo
1196 2755 1231 2804 sd
1248 2757 1298 2804 bo-

222 2843 290 2878 num
307 2843 466 2893 supremum
482 2834 570 2878 cetera
586 2828 752 2878 referuntur.
766 2857 796 2866 -
813 2827 880 2876 1168.
895 2827 956 2878 Non
971 2833 1012 2876 est
1027 2825 1166 2876 beatitudo
1178 2825 1300 2890 perfecta

222 2900 251 2949 in
267 2899 359 2950 terris.
375 2927 404 2937 -
420 2899 490 2949 1169.
508 2899 639 2948 Mentitus
651 2906 691 2948 est
705 2899 905 2963 pessimismus.

645 3051 764 3106 CAPUT
783 3051 871 3104 LXXI

222 3183 264 3234 Dn
295 3194 408 3232 somnus
441 3193 598 3232 numurus:
629 3193 665 3230 nu
696 3191 792 3231 nonen
822 3192 999 3230 noummnnu
1028 3191 1142 3230 mnenon
1169 3192 1205 3230 on

256 3273 437 3312 oonsomnrm
445 3293 1200 3314 ...........................................
1242 3253 1297 3311 209

252 3363 358 3412 Tuusrs.
373 3389 403 3400 -
420 3363 577 3412 Griterium
592 3377 757 3424 supremum
777 3361 949 3410 moralitatis
967 3371 1083 3410 aetuum
1103 3361 1296 3410 bumanorum

222 3443 329 3483 nonest
343 3433 437 3496 opinio
455 3434 635 3496 populorum,
651 3448 738 3494 neque
752 3432 798 3482 lete
809 3441 925 3489 statuta,
941 3447 1028 3495 neque
1042 3432 1128 3480 etiam
1143 3432 1232 3480 libera
1246 3432 1297 3481 Dei

221 3505 360 3562 voluntas,
377 3505 424 3553 sed
440 3506 535 3566 potius
551 3503 691 3553 evidentia
706 3503 771 3552 boni
790 3503 949 3566 quadratio
966 3503 1149 3565 apprehendit
1166 3512 1193 3551 et
1213 3503 1298 3564 eujus

223 3591 309 3626 eausa
316 3575 414 3638 prima
424 3591 481 3624 non
494 3583 534 3623 est
546 3575 605 3624 nisi
617 3575 649 3624 in
662 3576 726 3624 Deo.
738 3601 770 3610 -
782 3575 862 3627 Unde
880 3575 915 3623 ad
935 3580 1082 3629 rationem.
1097 3574 1193 3635 potitis
1210 3576 1297 3636 qudm

225 3648 387 3696 adsensum
406 3648 541 3695 moralem
553 3646 676 3708 pertinet
693 3645 827 3706 judicare
839 3646 871 3693 de
887 3645 1048 3694 moralitate
1062 3653 1179 3692 artuum
1193 3644 1296 3694 buma-

220 3732 333 3767 norum.
350 3717 451 3765 -Isti
469 3724 532 3766 aera
550 3727 617 3767 sunt
640 3717 828 3768 essentialiter
851 3716 1009 3765 voluntarii
1030 3723 1056 3764 et
1078 3715 1174 3774 liberi;
1190 3717 1238 3764 sed
1257 3717 1297 3764 eis

223 3788 360 3850 oonjunyi
380 3797 497 3852 possunt
521 3790 606 3838 timor
630 3787 749 3852 alioeque
764 3787 917 3851 passiones,
944 3802 1050 3836 neenon
1071 3787 1248 3850 iynarantia.
1268 3815 1297 3826 -

1192 4508 1198 4515 ι
1231 4500 1299 4515 4-1...

1300 4494 1347 4515 kd.
