2910 4568
250 379 288 436 bo
680 392 897 436 rsrcuonoam

251 503 428 572 cognoscat.
454 504 540 558 Unde
566 504 691 574 oportet
723 503 907 560 adsensum
934 518 1131 560 communem
1163 504 1317 577 pertinere

252 574 452 632 discretionis
468 573 635 643 judicium,
651 573 690 628 ad
712 588 803 642 quem
823 575 1012 640 reserantur,
1031 577 1113 632 sicut
1125 577 1164 632 ad
1178 590 1318 632 commu·

253 657 324 700 nem
338 645 520 708 terminum,
537 659 644 701 omnes
659 645 922 718 apprehensiones
933 661 1100 711 sensuum;
1117 662 1135 702 a
1149 661 1210 716 quc
1226 647 1317 704 etiam

252 717 471 787 percipiantur
498 716 637 773 actiones
661 731 821 782 sensuum,
847 718 929 774 sicut
947 719 1018 773 cbm
1042 718 1156 786 aliquis
1179 718 1267 774 videt
1287 731 1317 774 se

253 787 374 842 videre.
391 789 453 842 Hoc
467 789 550 842 enim
571 801 633 842 non
654 789 759 858 potest
776 787 845 844 fleri
860 791 917 858 pe'r
936 803 1060 845 sensum
1076 789 1253 860 proprium,
1267 789 1318 857 qui

252 871 316 914 non
333 859 492 927 cognoscit
511 859 572 914 nisi
595 859 729 914 sormam
754 859 910 915 sensibilis
931 874 949 915 a
975 874 1035 928 quo
1064 860 1318 925 immutaremur

254 929 317 998 qua
339 929 559 985 immutatione
587 929 752 1000 perficitur
775 931 867 996 visio,
896 931 927 985 et
954 945 993 986 ex
1016 930 1077 999 qua
1101 930 1318 986 immutatione

209 1019 212 1032 ·
252 1000 397 1068 sequitur
411 1001 472 1056 alia
487 1001 666 1057 immutatio
682 1001 715 1056 in
730 1015 823 1058 sensu
835 1002 1002 1067 communi,
1015 1003 1069 1072 qui
1084 1003 1238 1058 visionem
1253 1015 1319 1074 per·

251 1071 394 1141 cipit(l).

287 1175 533 1248 2⁰Imo9inctio.
554 1209 588 1218 -
612 1179 727 1234 Deinde
752 1193 813 1235 non
834 1179 934 1235 solhm
957 1180 1173 1248 cognoscimus
1195 1180 1319 1236 nostras

252 1267 447 1322 sensationes
462 1268 643 1338 praesentes,
660 1267 823 1324 sedetiam
840 1281 891 1324 eas
915 1268 1051 1324 retinere
1066 1270 1098 1323 et
1112 1268 1318 1338 reproducere

252 1349 430 1428 possumus.
455 1357 533 1410 Hine
558 1356 743 1425 imaginatio
768 1371 822 1412 seu
852 1356 1026 1426 phantasia,
1047 1357 1178 1425 quaeest
1203 1357 1319 1428 «quasi

251 1445 420 1504 thesaurus
436 1445 563 1514 quidam
579 1445 753 1500 formarum
770 1461 826 1516 per
841 1459 966 1502 sensum
982 1449 1182 1516 acceptarum
1204 1467 1230 1502 ι.

238 1598 240 1601 .
286 1543 330 1598 Ad
341 1543 439 1598 vitam
456 1542 600 1598 animalis
611 1543 742 1613 perfecti
764 1543 938 1612 requiritur
958 1544 1038 1612 quod
1063 1558 1125 1598 non
1145 1545 1247 1599 solbm
1270 1559 1320 1614 ap-

251 1611 426 1684 prehendat
450 1629 517 1669 rem
542 1613 581 1668 ad
600 1615 800 1684 praesentiam
817 1614 983 1679 sensibilis,
1003 1615 1056 1670 sed
1078 1616 1172 1670 ctiam
1195 1615 1228 1670 in
1253 1615 1319 1685 ejus

250 1684 411 1747 absentiat3
437 1685 587 1752 alioquin,
608 1686 679 1738 oiim
698 1685 841 1740 animalis
863 1687 967 1740 motus
989 1689 1021 1741 et
1040 1687 1122 1742 actio
1147 1689 1320 1753 sequantur

250 1755 608 1826 apprehensionem,non
630 1758 810 1811 moveretur
828 1756 945 1811 animal
968 1757 1007 1812 ad
1027 1757 1251 1826 inquirendum
1268 1757 1319 1812 ali·

250 1827 325 1895 quid
341 1827 462 1882 absens.
479 1827 573 1894 cujus
588 1827 781 1882 contrarium
791 1827 1066 1897 apparetmaxime
1081 1829 1114 1882 in
1129 1828 1320 1884 animalibus

249 1898 408 1967 perfectis,
426 1913 494 1966 quae
521 1898 687 1952 moventur
713 1900 801 1953 motu
826 1899 1006 1968 processivo
1023 1914 1029 1951 :
1047 1904 1215 1954 moventur
1234 1900 1319 1955 enim

248 1969 287 2023 ad
307 1969 425 2036 aliquid
447 1969 557 2024 absens
581 1969 820 2038 apprehensum.
850 1970 978 2038 Oportet
1001 1983 1076 2038 ergo
1099 1971 1181 2038 quod
1203 1969 1321 2026 animal

247 2054 305 2110 per
322 2041 458 2094 animam
475 2040 658 2095 sensitivam
680 2054 742 2095 non
763 2040 865 2095 solbm
888 2040 1019 2110 recipiat
1048 2041 1166 2111 species
1191 2041 1321 2098 sensibi-

249 2111 339 2174 lium,
365 2112 435 2166 obm
460 2110 704 2182 praesentialiter
725 2111 914 2167 immutatur
937 2111 975 2166 ab
999 2111 1053 2175 eis,
1077 2112 1246 2168 sedetiam
1269 2125 1320 2168 eas

249 2183 385 2237 retineat
401 2185 433 2238 et
446 2185 611 2238 conservet
629 2182 677 2252 (2).

286 2297 318 2350 30
338 2294 558 2352 AEstimotioa.
569 2327 602 2336 -
612 2297 740 2367 Oportet
748 2298 784 2352 ut
798 2299 914 2354 animal
930 2311 993 2354 non
1008 2299 1109 2354 solum
1125 2299 1320 2356 sensationes

250 2398 322 2440 suas
338 2387 504 2454 eognoscat
528 2389 559 2441 et
581 2386 781 2457 reproducat,
807 2387 859 2442 sed
883 2387 978 2442 etiam
999 2386 1157 2442 discernat
1183 2387 1276 2442 utilia
1303 2401 1321 2442 a

251 2474 373 2529 nocivis
391 2476 423 2529 et
437 2475 603 2542 quemdam
629 2473 722 2530 finem
738 2477 957 2544 prosequatur.
972 2477 1048 2531 Hinc
1063 2475 1234 2532 instinctus
1256 2476 1320 2532 ani·

251 2563 393 2626 melium,
409 2563 462 2632 qui
478 2563 630 2634 importat
645 2563 854 2632 cognitionem
870 2563 1046 2620 sensibilem
1060 2579 1153 2633 quam
1169 2578 1320 2621 vocamus

245 2649 487 2712 ostemationem.

285 2749 406 2803 Rursus
421 2749 682 2806 considerandum
693 2751 740 2804 est
751 2750 832 2818 quod
847 2749 874 2804 si
889 2750 1006 2804 animal
1017 2752 1199 2807 moveretur
1214 2753 1318 2807 solum

249 2823 379 2889 propter
401 2819 582 2876 delectabile
608 2822 640 2875 et
662 2821 878 2876 contristabile
906 2822 1076 2876 secundum
1096 2837 1234 2888 sensum,
1257 2837 1319 2878 non

250 2891 333 2944 esset
355 2892 566 2946 necessarium
587 2905 703 2961 ponere
723 2892 755 2944 in
782 2891 910 2946 animali
942 2893 1002 2947 nisi
1035 2893 1318 2963 apprehensionem

248 2963 423 3015 formarum
439 2977 516 3029 quas
526 2962 662 3033 percipit
677 2975 796 3026 seusus,
809 2963 842 3016 in
857 2963 970 3030 quibus
986 2963 1162 3019 delectatur
1176 2967 1233 3020 aut
1247 2965 1319 3020 hor-

247 3033 305 3086 ret.
324 3031 381 3086 Sed
397 3033 607 3087 necessarium
624 3033 671 3088 est
685 3033 814 3087 animali
830 3036 866 3088 ut
881 3039 1001 3100 quaerat
1016 3035 1120 3102 aliqua
1133 3037 1182 3091 vel
1204 3035 1318 3105 fugiat,

249 3115 311 3157 non
335 3103 436 3157 solbm
460 3103 532 3170 qnia
555 3104 630 3158 sunt
653 3104 869 3158 convenientia
889 3105 938 3159 vel
962 3119 1024 3159 non
1045 3107 1268 3162 convenientia
1280 3106 1318 3161 ad

249 3173 459 3236 sentiendum,
476 3174 529 3229 sed
545 3175 639 3230 etiam
655 3177 788 3245 propter
800 3175 919 3243 aliquas
934 3175 1012 3230 alias
1032 3177 1273 3233 commoditates
1288 3179 1320 3233 et

250 3245 416 3309 utilitates
434 3246 499 3300 sive
514 3248 718 3310 nocumenta;
736 3247 818 3300 sicut
841 3247 908 3302 ovis
926 3247 1036 3302 videns
1061 3253 1171 3318 lupum
1192 3250 1319 3304 venien-

248 3317 313 3370 tem
329 3315 421 3384 fugit,
447 3331 509 3371 non
528 3319 658 3387 propter
681 3316 889 3371 indecentiam
913 3317 1035 3382 coloris,
1052 3319 1102 3374 vel
1126 3318 1247 3387 figurae,
1265 3319 1319 3376 sed

249 3388 337 3454 quasi
354 3387 517 3442 inimicum
530 3391 668 3452 naturae3
686 3393 717 3442 et
732 3387 878 3443 similiter
891 3388 958 3443 avis
974 3389 1093 3458 colligit
1108 3390 1241 3458 paleam,
1256 3403 1320 3446 non

248 3457 323 3524 quia
342 3457 475 3513 delectet
496 3473 633 3526 sensum,
666 3458 719 3513 sed
739 3459 812 3527 quia
826 3460 874 3514 cst
897 3459 985 3514 utilis
1013 3461 1052 3516 ad
1080 3461 1317 3516 nidificandum.

247 3530 464 3584 Necessarium
481 3531 528 3585 est
542 3544 616 3598 ergo
628 3529 757 3584 animali
766 3529 846 3598 quod
857 3530 1010 3599 percipiat
1024 3531 1207 3600 hujusmodi
1217 3533 1320 3588 intan-

246 3599 359 3673 tiopes,
382 3615 457 3669 quas
480 3615 541 3655 non
565 3600 699 3670 percipit
722 3615 831 3656 sensus
851 3602 1008 3666 arteriam
1023 3604 1055 3658 et
1079 3603 1175 3672 hujns
1190 3617 1321 3676 percep·

277 3749 315 3808 (1)
331 3749 369 3809 1⁸,
381 3764 407 3814 q.
425 3749 465 3806 78,
481 3766 504 3798 a.
521 3750 544 3805 4,
560 3749 594 3798 ad
608 3750 632 3800 2·

278 3810 314 3874 (2)
331 3813 367 3870 1³,
392 3827 418 3876 q.
435 3812 475 3871 78,
490 3827 515 3864 a.
530 3814 555 3864 4.
