<?xml version="1.0" encoding="UTF-8"?>
<!DOCTYPE html PUBLIC "-//W3C//DTD XHTML 1.0 Transitional//EN"
    "http://www.w3.org/TR/xhtml1/DTD/xhtml1-transitional.dtd">
<html xmlns="http://www.w3.org/1999/xhtml" xml:lang="en" lang="en">
 <head>
  <title>
</title>
<meta http-equiv="Content-Type" content="text/html;charset=utf-8" />
  <meta name='ocr-system' content='tesseract 3.04.00' />
  <meta name='ocr-capabilities' content='ocr_page ocr_carea ocr_par ocr_line ocrx_word'/>
</head>
<body>
  <div class='ocr_page' id='page_1' title='image "./manualephilosop00blangoog_0275.png"; bbox 0 0 2790 4546; ppageno 0'>
   <div class='ocr_carea' id='block_1_1' title="bbox 215 348 868 407">
    <p class='ocr_par' dir='ltr' id='par_1_1' title="bbox 215 348 868 407">
     <span class='ocr_line' id='line_1_1' title="bbox 215 348 868 407; baseline 0.006 -4"><span class='ocrx_word' id='word_1_1' title='bbox 215 348 271 403; x_wconf 77' lang='lat'><strong>274</strong></span> <span class='ocrx_word' id='word_1_2' title='bbox 624 365 677 406; x_wconf 79' lang='lat' dir='ltr'><strong>rus</strong></span> <span class='ocrx_word' id='word_1_3' title='bbox 696 363 868 407; x_wconf 71' lang='lat' dir='ltr'><strong>auruncus</strong></span> 
     </span>
    </p>
   </div>
   <div class='ocr_carea' id='block_1_2' title="bbox 217 475 1275 551">
    <p class='ocr_par' dir='ltr' id='par_1_2' title="bbox 217 475 1275 551">
     <span class='ocr_line' id='line_1_2' title="bbox 217 475 1275 551; baseline -0.006 -19"><span class='ocrx_word' id='word_1_4' title='bbox 217 475 492 551; x_wconf 75' lang='lat' dir='ltr'><strong>matrimoniorum</strong></span> <span class='ocrx_word' id='word_1_5' title='bbox 521 477 667 532; x_wconf 87' lang='lat' dir='ltr'><strong>honestas</strong></span> <span class='ocrx_word' id='word_1_6' title='bbox 699 477 731 532; x_wconf 92' lang='lat' dir='ltr'><strong>et</strong></span> <span class='ocrx_word' id='word_1_7' title='bbox 763 475 938 533; x_wconf 74' lang='lat' dir='ltr'><strong>fecunditas</strong></span> <span class='ocrx_word' id='word_1_8' title='bbox 975 475 1067 544; x_wconf 75' lang='lat' dir='ltr'><strong>quam</strong></span> <span class='ocrx_word' id='word_1_9' title='bbox 1103 475 1275 532; x_wconf 88' lang='lat' dir='ltr'><strong>multitudo.</strong></span> 
     </span>
    </p>
   </div>
   <div class='ocr_carea' id='block_1_3' title="bbox 216 564 1387 638">
    <p class='ocr_par' dir='ltr' id='par_1_3' title="bbox 216 564 1387 638">
     <span class='ocr_line' id='line_1_3' title="bbox 216 564 1387 638; baseline 0 -18"><span class='ocrx_word' id='word_1_10' title='bbox 216 564 330 620; x_wconf 79' lang='lat' dir='ltr'>Deinde</span> <span class='ocrx_word' id='word_1_11' title='bbox 344 567 529 636; x_wconf 81' lang='lat' dir='ltr'><strong>propagatio</strong></span> <span class='ocrx_word' id='word_1_12' title='bbox 543 567 700 630; x_wconf 80' lang='lat' dir='ltr'><strong>veritatis,</strong></span> <span class='ocrx_word' id='word_1_13' title='bbox 716 581 888 638; x_wconf 90' lang='lat' dir='ltr'><strong>puerorum</strong></span> <span class='ocrx_word' id='word_1_14' title='bbox 913 565 1056 622; x_wconf 81' lang='lat' dir='ltr'><strong>educatio</strong></span> <span class='ocrx_word' id='word_1_15' title='bbox 1072 567 1103 622; x_wconf 88' lang='lat' dir='ltr'><strong>et</strong></span> <span class='ocrx_word' id='word_1_16' title='bbox 1126 564 1189 620; x_wconf 88' lang='lat' dir='ltr'><strong>alia</strong></span> <span class='ocrx_word' id='word_1_17' title='bbox 1203 564 1278 621; x_wconf 88' lang='lat' dir='ltr'><strong>bona</strong></span> <span class='ocrx_word' id='word_1_18' title='bbox 1385 577 1387 584; x_wconf 75' lang='grc'>’</span> 
     </span>
    </p>
   </div>
   <div class='ocr_carea' id='block_1_4' title="bbox 215 653 1111 728">
    <p class='ocr_par' dir='ltr' id='par_1_4' title="bbox 215 653 1111 728">
     <span class='ocr_line' id='line_1_4' title="bbox 215 653 1111 728; baseline 0 -18"><span class='ocrx_word' id='word_1_19' title='bbox 215 653 371 723; x_wconf 82' lang='lat' dir='ltr'><strong>ejusmodi</strong></span> <span class='ocrx_word' id='word_1_20' title='bbox 387 657 462 710; x_wconf 87' lang='lat' dir='ltr'><strong>sunt</strong></span> <span class='ocrx_word' id='word_1_21' title='bbox 481 656 603 725; x_wconf 88' lang='lat' dir='ltr'><strong>majora</strong></span> <span class='ocrx_word' id='word_1_22' title='bbox 617 655 710 725; x_wconf 82' lang='lat' dir='ltr'><strong>qubm</strong></span> <span class='ocrx_word' id='word_1_23' title='bbox 724 656 792 728; x_wconf 89' lang='lat' dir='ltr'><strong>ipsa</strong></span> <span class='ocrx_word' id='word_1_24' title='bbox 809 655 906 726; x_wconf 85' lang='lat' dir='ltr'><strong>prolia</strong></span> <span class='ocrx_word' id='word_1_25' title='bbox 921 655 1111 726; x_wconf 85' lang='lat' dir='ltr'><strong>procreatio.</strong></span> 
     </span>
    </p>
   </div>
   <div class='ocr_carea' id='block_1_5' title="bbox 214 779 1282 1930">
    <p class='ocr_par' dir='ltr' id='par_1_5' title="bbox 214 779 1278 1035">
     <span class='ocr_line' id='line_1_5' title="bbox 255 779 1278 848; baseline 0.002 -8"><span class='ocrx_word' id='word_1_26' title='bbox 255 787 333 844; x_wconf 79' lang='grc'><strong>1294.</strong></span> <span class='ocrx_word' id='word_1_27' title='bbox 362 788 587 848; x_wconf 79' lang='lat' dir='ltr'><strong>Matrimonii</strong></span> <span class='ocrx_word' id='word_1_28' title='bbox 613 790 737 846; x_wconf 82' lang='lat' dir='ltr'><strong>unitas</strong></span> <span class='ocrx_word' id='word_1_29' title='bbox 763 794 801 846; x_wconf 84' lang='lat' dir='ltr'><strong>at</strong></span> <span class='ocrx_word' id='word_1_30' title='bbox 827 787 1140 846; x_wconf 63' lang='lat' dir='ltr'><strong>indissolubilius.</strong></span> <span class='ocrx_word' id='word_1_31' title='bbox 1164 817 1198 828; x_wconf 92' lang='grc'>-</span> <span class='ocrx_word' id='word_1_32' title='bbox 1230 779 1278 842; x_wconf 86' lang='lat' dir='ltr'><strong>llis</strong></span> 
     </span>
     <span class='ocr_line' id='line_1_6' title="bbox 216 875 1277 951; baseline 0.002 -21"><span class='ocrx_word' id='word_1_33' title='bbox 216 875 337 934; x_wconf 84' lang='lat' dir='ltr'><strong>duabus</strong></span> <span class='ocrx_word' id='word_1_34' title='bbox 364 879 558 936; x_wconf 86' lang='lat' dir='ltr'><strong>matrimonii</strong></span> <span class='ocrx_word' id='word_1_35' title='bbox 586 879 834 951; x_wconf 90' lang='lat' dir='ltr'><strong>proprietatibus</strong></span> <span class='ocrx_word' id='word_1_36' title='bbox 858 881 1062 949; x_wconf 90' lang='lat' dir='ltr'><strong>opponuntur</strong></span> <span class='ocrx_word' id='word_1_37' title='bbox 1088 877 1277 950; x_wconf 84' lang='lat' dir='ltr'><strong>polyandria,</strong></span> 
     </span>
     <span class='ocr_line' id='line_1_7' title="bbox 214 965 640 1035; baseline 0.009 -15"><span class='ocrx_word' id='word_1_38' title='bbox 214 965 395 1035; x_wconf 83' lang='lat' dir='ltr'><strong>polygamia</strong></span> <span class='ocrx_word' id='word_1_39' title='bbox 407 968 439 1023; x_wconf 87' lang='lat' dir='ltr'><strong>et</strong></span> <span class='ocrx_word' id='word_1_40' title='bbox 454 969 640 1024; x_wconf 89' lang='lat' dir='ltr'><strong>divortium.</strong></span> 
     </span>
    </p>

    <p class='ocr_par' dir='ltr' id='par_1_6' title="bbox 216 1055 1281 1574">
     <span class='ocr_line' id='line_1_8' title="bbox 253 1055 1279 1126; baseline -0.001 -16"><span class='ocrx_word' id='word_1_41' title='bbox 253 1056 357 1110; x_wconf 83' lang='lat' dir='ltr'><strong>Primo</strong></span> <span class='ocrx_word' id='word_1_42' title='bbox 369 1057 561 1126; x_wconf 77' lang='lat' dir='ltr'><strong>polyandria,</strong></span> <span class='ocrx_word' id='word_1_43' title='bbox 573 1072 640 1126; x_wconf 88' lang='lat' dir='ltr'><strong>quae</strong></span> <span class='ocrx_word' id='word_1_44' title='bbox 655 1059 703 1113; x_wconf 87' lang='lat' dir='ltr'><strong>cst</strong></span> <span class='ocrx_word' id='word_1_45' title='bbox 716 1057 810 1113; x_wconf 83' lang='lat' dir='ltr'><strong>unius</strong></span> <span class='ocrx_word' id='word_1_46' title='bbox 825 1056 949 1113; x_wconf 75' lang='lat' dir='ltr'><strong>feminae</strong></span> <span class='ocrx_word' id='word_1_47' title='bbox 962 1070 1033 1112; x_wconf 88' lang='lat' dir='ltr'><strong>cum</strong></span> <span class='ocrx_word' id='word_1_48' title='bbox 1048 1055 1194 1126; x_wconf 89' lang='lat' dir='ltr'><strong>pluribus</strong></span> <span class='ocrx_word' id='word_1_49' title='bbox 1207 1055 1279 1110; x_wconf 88' lang='lat' dir='ltr'><strong>viris</strong></span> 
     </span>
     <span class='ocr_line' id='line_1_9' title="bbox 216 1145 1279 1216; baseline 0 -18"><span class='ocrx_word' id='word_1_50' title='bbox 216 1145 406 1203; x_wconf 87' lang='lat' dir='ltr'><strong>simultanea</strong></span> <span class='ocrx_word' id='word_1_51' title='bbox 423 1147 614 1216; x_wconf 86' lang='lat' dir='ltr'><strong>conjunctio,</strong></span> <span class='ocrx_word' id='word_1_52' title='bbox 629 1146 767 1203; x_wconf 90' lang='lat' dir='ltr'><strong>naturali</strong></span> <span class='ocrx_word' id='word_1_53' title='bbox 778 1146 845 1215; x_wconf 86' lang='lat' dir='ltr'><strong>juri</strong></span> <span class='ocrx_word' id='word_1_54' title='bbox 864 1145 1005 1202; x_wconf 88' lang='lat' dir='ltr'><strong>absolute</strong></span> <span class='ocrx_word' id='word_1_55' title='bbox 1025 1146 1193 1214; x_wconf 83' lang='lat' dir='ltr'><strong>repugnat.</strong></span> <span class='ocrx_word' id='word_1_56' title='bbox 1209 1146 1279 1199; x_wconf 90' lang='lat' dir='ltr'><strong>Nam</strong></span> 
     </span>
     <span class='ocr_line' id='line_1_10' title="bbox 216 1233 1278 1306; baseline -0.001 -18"><span class='ocrx_word' id='word_1_57' title='bbox 216 1233 405 1290; x_wconf 84' lang='lat' dir='ltr'><strong>adversatur</strong></span> <span class='ocrx_word' id='word_1_58' title='bbox 415 1234 470 1289; x_wconf 89' lang='lat' dir='ltr'><strong>flni</strong></span> <span class='ocrx_word' id='word_1_59' title='bbox 481 1236 647 1306; x_wconf 87' lang='lat' dir='ltr'><strong>praeoipuae</strong></span> <span class='ocrx_word' id='word_1_60' title='bbox 660 1235 843 1306; x_wconf 88' lang='lat' dir='ltr'><strong>nuptiarum</strong></span> <span class='ocrx_word' id='word_1_61' title='bbox 859 1236 891 1290; x_wconf 91' lang='lat' dir='ltr'><strong>et</strong></span> <span class='ocrx_word' id='word_1_62' title='bbox 905 1233 1008 1289; x_wconf 90' lang='lat' dir='ltr'><strong>ordini</strong></span> <span class='ocrx_word' id='word_1_63' title='bbox 1024 1233 1201 1288; x_wconf 88' lang='lat' dir='ltr'><strong>officiorum</strong></span> <span class='ocrx_word' id='word_1_64' title='bbox 1216 1247 1278 1300; x_wconf 89' lang='lat' dir='ltr'><strong>quae</strong></span> 
     </span>
     <span class='ocr_line' id='line_1_11' title="bbox 217 1323 1281 1395; baseline 0 -18"><span class='ocrx_word' id='word_1_65' title='bbox 217 1337 255 1378; x_wconf 83' lang='lat' dir='ltr'><strong>ex</strong></span> <span class='ocrx_word' id='word_1_66' title='bbox 279 1324 436 1393; x_wconf 82' lang='lat' dir='ltr'><strong>conjugali</strong></span> <span class='ocrx_word' id='word_1_67' title='bbox 458 1325 607 1380; x_wconf 87' lang='lat' dir='ltr'><strong>societate</strong></span> <span class='ocrx_word' id='word_1_68' title='bbox 626 1325 783 1390; x_wconf 91' lang='lat' dir='ltr'><strong>oriuntur,</strong></span> <span class='ocrx_word' id='word_1_69' title='bbox 800 1325 954 1394; x_wconf 90' lang='lat' dir='ltr'><strong>siquidem</strong></span> <span class='ocrx_word' id='word_1_70' title='bbox 977 1323 1198 1395; x_wconf 88' lang='lat' dir='ltr'><strong>polyandriam</strong></span> <span class='ocrx_word' id='word_1_71' title='bbox 1217 1336 1281 1378; x_wconf 95' lang='lat' dir='ltr'><strong>con-</strong></span> 
     </span>
     <span class='ocr_line' id='line_1_12' title="bbox 217 1411 1279 1484; baseline -0.001 -17"><span class='ocrx_word' id='word_1_72' title='bbox 217 1415 393 1480; x_wconf 88' lang='lat' dir='ltr'><strong>sequuntur</strong></span> <span class='ocrx_word' id='word_1_73' title='bbox 407 1413 568 1475; x_wconf 84' lang='lat' dir='ltr'><strong>sterilitas.</strong></span> <span class='ocrx_word' id='word_1_74' title='bbox 585 1414 776 1470; x_wconf 85' lang='lat' dir='ltr'><strong>incertitudo</strong></span> <span class='ocrx_word' id='word_1_75' title='bbox 791 1414 1002 1484; x_wconf 87' lang='lat' dir='ltr'><strong>paternitatis,</strong></span> <span class='ocrx_word' id='word_1_76' title='bbox 1019 1411 1134 1468; x_wconf 87' lang='lat' dir='ltr'><strong>divisio</strong></span> <span class='ocrx_word' id='word_1_77' title='bbox 1145 1411 1279 1475; x_wconf 80' lang='lat' dir='ltr'><strong>familiae,</strong></span> 
     </span>
     <span class='ocr_line' id='line_1_13' title="bbox 217 1502 950 1574; baseline 0.004 -17"><span class='ocrx_word' id='word_1_78' title='bbox 217 1502 377 1572; x_wconf 82' lang='lat' dir='ltr'><strong>corruptio</strong></span> <span class='ocrx_word' id='word_1_79' title='bbox 393 1505 509 1559; x_wconf 89' lang='lat' dir='ltr'><strong>amoris</strong></span> <span class='ocrx_word' id='word_1_80' title='bbox 524 1505 556 1560; x_wconf 90' lang='lat' dir='ltr'><strong>et</strong></span> <span class='ocrx_word' id='word_1_81' title='bbox 571 1504 725 1574; x_wconf 88' lang='lat' dir='ltr'><strong>zelotypia</strong></span> <span class='ocrx_word' id='word_1_82' title='bbox 739 1518 794 1559; x_wconf 87' lang='lat' dir='ltr'><strong>seu</strong></span> <span class='ocrx_word' id='word_1_83' title='bbox 810 1503 950 1560; x_wconf 88' lang='lat' dir='ltr'><strong>invidiae.</strong></span> 
     </span>
    </p>

    <p class='ocr_par' dir='ltr' id='par_1_7' title="bbox 216 1590 1282 1930">
     <span class='ocr_line' id='line_1_14' title="bbox 253 1590 1280 1662; baseline 0.001 -17"><span class='ocrx_word' id='word_1_84' title='bbox 253 1591 432 1660; x_wconf 80' lang='lat' dir='ltr'><strong>Polygamia</strong></span> <span class='ocrx_word' id='word_1_85' title='bbox 445 1595 562 1658; x_wconf 86' lang='lat' dir='ltr'><strong>autem,</strong></span> <span class='ocrx_word' id='word_1_86' title='bbox 579 1606 646 1661; x_wconf 84' lang='lat' dir='ltr'><strong>quae</strong></span> <span class='ocrx_word' id='word_1_87' title='bbox 663 1595 711 1650; x_wconf 87' lang='lat' dir='ltr'><strong>est</strong></span> <span class='ocrx_word' id='word_1_88' title='bbox 724 1591 818 1649; x_wconf 88' lang='lat' dir='ltr'><strong>unius</strong></span> <span class='ocrx_word' id='word_1_89' title='bbox 834 1593 897 1647; x_wconf 86' lang='lat' dir='ltr'><strong>viri</strong></span> <span class='ocrx_word' id='word_1_90' title='bbox 912 1606 983 1646; x_wconf 92' lang='lat' dir='ltr'><strong>cum</strong></span> <span class='ocrx_word' id='word_1_91' title='bbox 999 1590 1145 1662; x_wconf 87' lang='lat' dir='ltr'><strong>pluribus</strong></span> <span class='ocrx_word' id='word_1_92' title='bbox 1161 1590 1280 1646; x_wconf 82' lang='lat' dir='ltr'><strong>feminis</strong></span> 
     </span>
     <span class='ocr_line' id='line_1_15' title="bbox 217 1678 1282 1752; baseline -0.002 -16"><span class='ocrx_word' id='word_1_93' title='bbox 217 1681 405 1736; x_wconf 88' lang='lat' dir='ltr'><strong>simultanea</strong></span> <span class='ocrx_word' id='word_1_94' title='bbox 414 1682 604 1752; x_wconf 75' lang='lat' dir='ltr'><strong>conjunctio,</strong></span> <span class='ocrx_word' id='word_1_95' title='bbox 616 1696 678 1738; x_wconf 97' lang='lat' dir='ltr'><strong>non</strong></span> <span class='ocrx_word' id='word_1_96' title='bbox 691 1682 832 1738; x_wconf 88' lang='lat' dir='ltr'><strong>absolute</strong></span> <span class='ocrx_word' id='word_1_97' title='bbox 841 1681 999 1752; x_wconf 82' lang='lat' dir='ltr'><strong>repugnat</strong></span> <span class='ocrx_word' id='word_1_98' title='bbox 1006 1680 1074 1750; x_wconf 89' lang='lat' dir='ltr'><strong>juri</strong></span> <span class='ocrx_word' id='word_1_99' title='bbox 1083 1680 1223 1736; x_wconf 89' lang='lat' dir='ltr'><strong>naturali</strong></span> <span class='ocrx_word' id='word_1_100' title='bbox 1233 1678 1282 1734; x_wconf 90' lang='lat' dir='ltr'><strong>sed</strong></span> 
     </span>
     <span class='ocr_line' id='line_1_16' title="bbox 217 1767 1280 1840; baseline -0.001 -17"><span class='ocrx_word' id='word_1_101' title='bbox 217 1770 246 1824; x_wconf 89' lang='lat' dir='ltr'><strong>ei</strong></span> <span class='ocrx_word' id='word_1_102' title='bbox 261 1771 373 1840; x_wconf 82' lang='lat' dir='ltr'><strong>parum</strong></span> <span class='ocrx_word' id='word_1_103' title='bbox 398 1773 557 1828; x_wconf 86' lang='lat' dir='ltr'><strong>consonat.</strong></span> <span class='ocrx_word' id='word_1_104' title='bbox 579 1773 656 1826; x_wconf 91' lang='lat' dir='ltr'><strong>Nam</strong></span> <span class='ocrx_word' id='word_1_105' title='bbox 672 1772 819 1826; x_wconf 89' lang='lat' dir='ltr'><strong>servatur</strong></span> <span class='ocrx_word' id='word_1_106' title='bbox 835 1770 960 1840; x_wconf 91' lang='lat' dir='ltr'><strong>quidem</strong></span> <span class='ocrx_word' id='word_1_107' title='bbox 985 1770 1088 1824; x_wconf 90' lang='lat' dir='ltr'><strong>unitas</strong></span> <span class='ocrx_word' id='word_1_108' title='bbox 1108 1767 1280 1824; x_wconf 86' lang='lat' dir='ltr'><strong>essentialis</strong></span> 
     </span>
     <span class='ocr_line' id='line_1_17' title="bbox 216 1857 1282 1930; baseline -0.001 -19"><span class='ocrx_word' id='word_1_109' title='bbox 216 1857 353 1924; x_wconf 80' lang='lat' dir='ltr'><strong>familiae,</strong></span> <span class='ocrx_word' id='word_1_110' title='bbox 370 1873 438 1928; x_wconf 86' lang='lat' dir='ltr'><strong>quae</strong></span> <span class='ocrx_word' id='word_1_111' title='bbox 454 1873 547 1916; x_wconf 83' lang='lat' dir='ltr'><strong>suum</strong></span> <span class='ocrx_word' id='word_1_112' title='bbox 565 1859 658 1916; x_wconf 87' lang='lat' dir='ltr'><strong>linem</strong></span> <span class='ocrx_word' id='word_1_113' title='bbox 672 1859 877 1930; x_wconf 88' lang='lat' dir='ltr'><strong>principalem</strong></span> <span class='ocrx_word' id='word_1_114' title='bbox 893 1857 1177 1927; x_wconf 83' lang='lat' dir='ltr'><strong>consequitur3sed</strong></span> <span class='ocrx_word' id='word_1_115' title='bbox 1192 1858 1282 1928; x_wconf 85' lang='lat' dir='ltr'><strong>viret</strong></span> 
     </span>
    </p>
   </div>
   <div class='ocr_carea' id='block_1_6' title="bbox 220 1945 1387 2032">
    <p class='ocr_par' dir='ltr' id='par_1_8' title="bbox 220 1945 1387 2032">
     <span class='ocr_line' id='line_1_18' title="bbox 220 1945 1387 2032; baseline -0.001 -32"><span class='ocrx_word' id='word_1_116' title='bbox 220 1947 333 2002; x_wconf 90' lang='lat' dir='ltr'><strong>mulier</strong></span> <span class='ocrx_word' id='word_1_117' title='bbox 356 1962 418 2004; x_wconf 93' lang='lat' dir='ltr'><strong>non</strong></span> <span class='ocrx_word' id='word_1_118' title='bbox 442 1951 515 2004; x_wconf 91' lang='lat' dir='ltr'><strong>sunt</strong></span> <span class='ocrx_word' id='word_1_119' title='bbox 541 1949 675 2018; x_wconf 87' lang='lat' dir='ltr'><strong>aequales</strong></span> <span class='ocrx_word' id='word_1_120' title='bbox 704 1949 737 2003; x_wconf 95' lang='lat' dir='ltr'><strong>in</strong></span> <span class='ocrx_word' id='word_1_121' title='bbox 765 1949 939 2012; x_wconf 88' lang='lat' dir='ltr'><strong>contractu,</strong></span> <span class='ocrx_word' id='word_1_122' title='bbox 965 1949 1036 2002; x_wconf 85' lang='lat' dir='ltr'><strong>cum</strong></span> <span class='ocrx_word' id='word_1_123' title='bbox 1059 1947 1134 2002; x_wconf 93' lang='lat' dir='ltr'><strong>unio</strong></span> <span class='ocrx_word' id='word_1_124' title='bbox 1162 1945 1283 2004; x_wconf 89' lang='lat' dir='ltr'><strong>nonsit</strong></span> <span class='ocrx_word' id='word_1_125' title='bbox 1386 1959 1387 2032; x_wconf 58' lang='grc'><strong>1</strong></span> 
     </span>
    </p>
   </div>
   <div class='ocr_carea' id='block_1_7' title="bbox 218 2034 1282 2374">
    <p class='ocr_par' dir='ltr' id='par_1_9' title="bbox 219 2034 1281 2196">
     <span class='ocr_line' id='line_1_19' title="bbox 219 2034 1281 2109; baseline -0.002 -19"><span class='ocrx_word' id='word_1_126' title='bbox 219 2038 330 2092; x_wconf 88' lang='lat' dir='ltr'><strong>mutua</strong></span> <span class='ocrx_word' id='word_1_127' title='bbox 344 2051 384 2092; x_wconf 84' lang='lat' dir='ltr'><strong>ex</strong></span> <span class='ocrx_word' id='word_1_128' title='bbox 398 2039 484 2093; x_wconf 89' lang='lat' dir='ltr'><strong>omni</strong></span> <span class='ocrx_word' id='word_1_129' title='bbox 499 2041 588 2109; x_wconf 91' lang='lat' dir='ltr'><strong>parte</strong></span> <span class='ocrx_word' id='word_1_130' title='bbox 600 2055 607 2100; x_wconf 79' lang='grc' dir='ltr'>ς</span> <span class='ocrx_word' id='word_1_131' title='bbox 634 2037 745 2094; x_wconf 90' lang='lat' dir='ltr'><strong>deinde</strong></span> <span class='ocrx_word' id='word_1_132' title='bbox 759 2051 822 2108; x_wconf 83' lang='lat' dir='ltr'><strong>pax</strong></span> <span class='ocrx_word' id='word_1_133' title='bbox 836 2037 869 2092; x_wconf 91' lang='lat' dir='ltr'><strong>et</strong></span> <span class='ocrx_word' id='word_1_134' title='bbox 883 2035 1095 2104; x_wconf 85' lang='lat' dir='ltr'><strong>tranquillitas</strong></span> <span class='ocrx_word' id='word_1_135' title='bbox 1114 2034 1281 2092; x_wconf 79' lang='grc'><strong>166111111-</strong></span> 
     </span>
     <span class='ocr_line' id='line_1_20' title="bbox 219 2125 666 2196; baseline 0.002 -17"><span class='ocrx_word' id='word_1_136' title='bbox 219 2125 333 2180; x_wconf 89' lang='lat' dir='ltr'><strong>bantur</strong></span> <span class='ocrx_word' id='word_1_137' title='bbox 347 2140 405 2196; x_wconf 90' lang='lat' dir='ltr'><strong>per</strong></span> <span class='ocrx_word' id='word_1_138' title='bbox 419 2127 582 2188; x_wconf 82' lang='lat' dir='ltr'><strong>invidiam.</strong></span> <span class='ocrx_word' id='word_1_139' title='bbox 604 2129 666 2182; x_wconf 90' lang='lat' dir='ltr'><strong>etc.</strong></span> 
     </span>
    </p>

    <p class='ocr_par' dir='ltr' id='par_1_10' title="bbox 218 2212 1282 2374">
     <span class='ocr_line' id='line_1_21' title="bbox 253 2212 1282 2282; baseline 0 -14"><span class='ocrx_word' id='word_1_140' title='bbox 253 2213 339 2270; x_wconf 90' lang='lat' dir='ltr'><strong>Unde</strong></span> <span class='ocrx_word' id='word_1_141' title='bbox 355 2216 467 2272; x_wconf 83' lang='lat' dir='ltr'><strong>merito</strong></span> <span class='ocrx_word' id='word_1_142' title='bbox 491 2217 642 2282; x_wconf 85' lang='lat' dir='ltr'><strong>Christus,</strong></span> <span class='ocrx_word' id='word_1_143' title='bbox 658 2215 808 2272; x_wconf 81' lang='lat' dir='ltr'><strong>elevando</strong></span> <span class='ocrx_word' id='word_1_144' title='bbox 832 2213 1068 2270; x_wconf 83' lang='lat' dir='ltr'><strong>matrimonium</strong></span> <span class='ocrx_word' id='word_1_145' title='bbox 1087 2213 1126 2270; x_wconf 90' lang='lat' dir='ltr'><strong>ad</strong></span> <span class='ocrx_word' id='word_1_146' title='bbox 1153 2212 1282 2282; x_wconf 83' lang='lat' dir='ltr'><strong>dignita-</strong></span> 
     </span>
     <span class='ocr_line' id='line_1_22' title="bbox 218 2302 1281 2374; baseline -0.004 -16"><span class='ocrx_word' id='word_1_147' title='bbox 218 2304 282 2358; x_wconf 91' lang='lat' dir='ltr'><strong>tem</strong></span> <span class='ocrx_word' id='word_1_148' title='bbox 314 2307 519 2368; x_wconf 87' lang='lat' dir='ltr'><strong>sacramenti,</strong></span> <span class='ocrx_word' id='word_1_149' title='bbox 553 2317 781 2373; x_wconf 86' lang='lat' dir='ltr'><strong>quamcumque</strong></span> <span class='ocrx_word' id='word_1_150' title='bbox 813 2303 1024 2374; x_wconf 83' lang='lat' dir='ltr'><strong>polygamiam</strong></span> <span class='ocrx_word' id='word_1_151' title='bbox 1066 2302 1281 2358; x_wconf 84' lang='lat' dir='ltr'><strong>simultaneam</strong></span> 
     </span>
    </p>
   </div>
   <div class='ocr_carea' id='block_1_8' title="bbox 218 2389 1386 2464">
    <p class='ocr_par' dir='ltr' id='par_1_11' title="bbox 218 2389 1386 2464">
     <span class='ocr_line' id='line_1_23' title="bbox 218 2389 1386 2464; baseline 0 -18"><span class='ocrx_word' id='word_1_152' title='bbox 218 2391 381 2462; x_wconf 89' lang='lat' dir='ltr'><strong>prohibuit</strong></span> <span class='ocrx_word' id='word_1_153' title='bbox 402 2395 506 2464; x_wconf 89' lang='lat' dir='ltr'><strong>sicque</strong></span> <span class='ocrx_word' id='word_1_154' title='bbox 527 2392 764 2448; x_wconf 87' lang='lat' dir='ltr'><strong>matrimonium</strong></span> <span class='ocrx_word' id='word_1_155' title='bbox 780 2392 921 2448; x_wconf 89' lang='lat' dir='ltr'><strong>restituit</strong></span> <span class='ocrx_word' id='word_1_156' title='bbox 939 2391 972 2446; x_wconf 91' lang='lat' dir='ltr'><strong>in</strong></span> <span class='ocrx_word' id='word_1_157' title='bbox 987 2392 1122 2462; x_wconf 88' lang='lat' dir='ltr'><strong>primam</strong></span> <span class='ocrx_word' id='word_1_158' title='bbox 1148 2389 1283 2460; x_wconf 82' lang='lat' dir='ltr'><strong>diguita-</strong></span> <span class='ocrx_word' id='word_1_159' title='bbox 1385 2399 1386 2432; x_wconf 74' lang='lat'>³</span> 
     </span>
    </p>
   </div>
   <div class='ocr_carea' id='block_1_9' title="bbox 217 2480 1283 2732">
    <p class='ocr_par' dir='ltr' id='par_1_12' title="bbox 217 2480 1283 2732">
     <span class='ocr_line' id='line_1_24' title="bbox 217 2480 1282 2551; baseline -0.006 -15"><span class='ocrx_word' id='word_1_160' title='bbox 217 2483 280 2536; x_wconf 92' lang='lat' dir='ltr'><strong>tem</strong></span> <span class='ocrx_word' id='word_1_161' title='bbox 297 2482 362 2536; x_wconf 89' lang='lat' dir='ltr'><strong>sive</strong></span> <span class='ocrx_word' id='word_1_162' title='bbox 377 2482 613 2551; x_wconf 82' lang='lat' dir='ltr'><strong>perfectionem.</strong></span> <span class='ocrx_word' id='word_1_163' title='bbox 634 2482 813 2550; x_wconf 79' lang='lat' dir='ltr'><strong>Polygamia</strong></span> <span class='ocrx_word' id='word_1_164' title='bbox 827 2481 933 2535; x_wconf 86' lang='lat' dir='ltr'><strong>autem</strong></span> <span class='ocrx_word' id='word_1_165' title='bbox 953 2480 1141 2544; x_wconf 89' lang='lat' dir='ltr'><strong>successiva,</strong></span> <span class='ocrx_word' id='word_1_166' title='bbox 1163 2494 1220 2535; x_wconf 89' lang='lat' dir='ltr'><strong>sau</strong></span> <span class='ocrx_word' id='word_1_167' title='bbox 1233 2493 1282 2532; x_wconf 86' lang='lat' dir='ltr'><strong>se-</strong></span> 
     </span>
     <span class='ocr_line' id='line_1_25' title="bbox 217 2568 1283 2644; baseline 0.002 -21"><span class='ocrx_word' id='word_1_168' title='bbox 217 2569 326 2624; x_wconf 82' lang='lat' dir='ltr'><strong>ouadae</strong></span> <span class='ocrx_word' id='word_1_169' title='bbox 345 2569 471 2644; x_wconf 75' lang='lat' dir='ltr'><strong>nuptio,</strong></span> <span class='ocrx_word' id='word_1_170' title='bbox 488 2572 558 2626; x_wconf 83' lang='lat' dir='ltr'><strong>cum</strong></span> <span class='ocrx_word' id='word_1_171' title='bbox 580 2571 665 2625; x_wconf 92' lang='lat' dir='ltr'><strong>nullo</strong></span> <span class='ocrx_word' id='word_1_172' title='bbox 686 2571 776 2626; x_wconf 92' lang='lat' dir='ltr'><strong>modo</strong></span> <span class='ocrx_word' id='word_1_173' title='bbox 792 2569 1001 2626; x_wconf 88' lang='lat' dir='ltr'><strong>adversentur</strong></span> <span class='ocrx_word' id='word_1_174' title='bbox 1014 2583 1070 2639; x_wconf 89' lang='lat' dir='ltr'><strong>per</strong></span> <span class='ocrx_word' id='word_1_175' title='bbox 1095 2583 1127 2624; x_wconf 87' lang='lat' dir='ltr'><strong>se</strong></span> <span class='ocrx_word' id='word_1_176' title='bbox 1140 2568 1211 2637; x_wconf 91' lang='lat' dir='ltr'><strong>juri</strong></span> <span class='ocrx_word' id='word_1_177' title='bbox 1230 2581 1283 2625; x_wconf 90' lang='lat' dir='ltr'><strong>na-</strong></span> 
     </span>
     <span class='ocr_line' id='line_1_26' title="bbox 218 2661 918 2732; baseline -0.004 -15"><span class='ocrx_word' id='word_1_178' title='bbox 218 2662 325 2725; x_wconf 88' lang='lat' dir='ltr'><strong>turali,</strong></span> <span class='ocrx_word' id='word_1_179' title='bbox 340 2663 407 2730; x_wconf 83' lang='lat' dir='ltr'><strong>lege</strong></span> <span class='ocrx_word' id='word_1_180' title='bbox 426 2662 606 2731; x_wconf 75' lang='lat' dir='ltr'><strong>evangelica</strong></span> <span class='ocrx_word' id='word_1_181' title='bbox 620 2676 683 2717; x_wconf 94' lang='lat' dir='ltr'><strong>non</strong></span> <span class='ocrx_word' id='word_1_182' title='bbox 696 2661 918 2732; x_wconf 88' lang='lat' dir='ltr'><strong>prohibentur.</strong></span> 
     </span>
    </p>
   </div>
   <div class='ocr_carea' id='block_1_10' title="bbox 257 2792 1385 2864">
    <p class='ocr_par' dir='ltr' id='par_1_13' title="bbox 257 2792 1385 2864">
     <span class='ocr_line' id='line_1_27' title="bbox 257 2792 1385 2864; baseline -0.002 -16"><span class='ocrx_word' id='word_1_183' title='bbox 257 2793 334 2849; x_wconf 80' lang='lat'><strong>1295.</strong></span> <span class='ocrx_word' id='word_1_184' title='bbox 350 2796 402 2852; x_wconf 80' lang='lat' dir='ltr'><strong>Da</strong></span> <span class='ocrx_word' id='word_1_185' title='bbox 421 2796 579 2852; x_wconf 88' lang='lat' dir='ltr'><strong>divortio</strong></span> <span class='ocrx_word' id='word_1_186' title='bbox 593 2794 641 2864; x_wconf 89' lang='lat' dir='ltr'><strong>(l).</strong></span> <span class='ocrx_word' id='word_1_187' title='bbox 659 2825 692 2834; x_wconf 94' lang='lat'><em>-</em></span> <span class='ocrx_word' id='word_1_188' title='bbox 712 2795 826 2850; x_wconf 89' lang='lat' dir='ltr'><strong>contra</strong></span> <span class='ocrx_word' id='word_1_189' title='bbox 841 2792 1013 2848; x_wconf 86' lang='lat' dir='ltr'><strong>divortium</strong></span> <span class='ocrx_word' id='word_1_190' title='bbox 1029 2793 1202 2850; x_wconf 84' lang='lat' dir='ltr'><strong>asserimus</strong></span> <span class='ocrx_word' id='word_1_191' title='bbox 1218 2807 1283 2848; x_wconf 91' lang='lat' dir='ltr'><strong>ma·</strong></span> <span class='ocrx_word' id='word_1_192' title='bbox 1384 2795 1385 2824; x_wconf 62' lang='lat'><em>³</em></span> 
     </span>
    </p>
   </div>
   <div class='ocr_carea' id='block_1_11' title="bbox 216 2881 1285 3220">
    <p class='ocr_par' dir='ltr' id='par_1_14' title="bbox 217 2881 1282 2952">
     <span class='ocr_line' id='line_1_28' title="bbox 217 2881 1282 2952; baseline -0.005 -13"><span class='ocrx_word' id='word_1_193' title='bbox 217 2883 403 2939; x_wconf 85' lang='lat' dir='ltr'><strong>trimonium</strong></span> <span class='ocrx_word' id='word_1_194' title='bbox 420 2898 487 2940; x_wconf 85' lang='lat' dir='ltr'><strong>esse</strong></span> <span class='ocrx_word' id='word_1_195' title='bbox 510 2882 726 2938; x_wconf 87' lang='lat' dir='ltr'><strong>indissolubile</strong></span> <span class='ocrx_word' id='word_1_196' title='bbox 746 2882 820 2952; x_wconf 88' lang='lat' dir='ltr'><strong>jnre</strong></span> <span class='ocrx_word' id='word_1_197' title='bbox 844 2881 982 2938; x_wconf 88' lang='lat' dir='ltr'><strong>naturali</strong></span> <span class='ocrx_word' id='word_1_198' title='bbox 1002 2881 1105 2949; x_wconf 88' lang='lat' dir='ltr'><strong>quoad</strong></span> <span class='ocrx_word' id='word_1_199' title='bbox 1123 2881 1282 2938; x_wconf 90' lang='lat' dir='ltr'><strong>vinculum</strong></span> 
     </span>
    </p>

    <p class='ocr_par' dir='ltr' id='par_1_15' title="bbox 217 2970 1285 3042">
     <span class='ocr_line' id='line_1_29' title="bbox 217 2970 1285 3042; baseline -0.004 -16"><span class='ocrx_word' id='word_1_200' title='bbox 217 2973 319 3042; x_wconf 91' lang='lat' dir='ltr'><strong>ipsum</strong></span> <span class='ocrx_word' id='word_1_201' title='bbox 336 2971 407 3040; x_wconf 86' lang='lat' dir='ltr'><strong>(non</strong></span> <span class='ocrx_word' id='word_1_202' title='bbox 422 2973 527 3042; x_wconf 81' lang='lat' dir='ltr'><strong>agitur</strong></span> <span class='ocrx_word' id='word_1_203' title='bbox 542 2972 624 3027; x_wconf 90' lang='lat' dir='ltr'><strong>enim</strong></span> <span class='ocrx_word' id='word_1_204' title='bbox 640 2973 677 3026; x_wconf 87' lang='lat' dir='ltr'><strong>de</strong></span> <span class='ocrx_word' id='word_1_205' title='bbox 691 2971 933 3035; x_wconf 87' lang='lat' dir='ltr'><strong>cohabitatione,</strong></span> <span class='ocrx_word' id='word_1_206' title='bbox 950 2985 1017 3038; x_wconf 83' lang='lat' dir='ltr'><strong>quae</strong></span> <span class='ocrx_word' id='word_1_207' title='bbox 1036 2970 1170 3026; x_wconf 89' lang='lat' dir='ltr'><strong>evadere</strong></span> <span class='ocrx_word' id='word_1_208' title='bbox 1185 2970 1285 3042; x_wconf 91' lang='lat' dir='ltr'><strong>potest</strong></span> 
     </span>
    </p>

    <p class='ocr_par' dir='ltr' id='par_1_16' title="bbox 216 3059 1283 3220">
     <span class='ocr_line' id='line_1_30' title="bbox 216 3059 1167 3132; baseline 0.002 -18"><span class='ocrx_word' id='word_1_209' title='bbox 216 3060 357 3116; x_wconf 87' lang='lat' dir='ltr'><strong>indebita</strong></span> <span class='ocrx_word' id='word_1_210' title='bbox 371 3061 420 3116; x_wconf 84' lang='lat' dir='ltr'><strong>vel</strong></span> <span class='ocrx_word' id='word_1_211' title='bbox 433 3062 527 3132; x_wconf 85' lang='lat' dir='ltr'><strong>etiam</strong></span> <span class='ocrx_word' id='word_1_212' title='bbox 543 3060 746 3132; x_wconf 88' lang='lat' dir='ltr'><strong>impossibilis</strong></span> <span class='ocrx_word' id='word_1_213' title='bbox 761 3059 892 3130; x_wconf 89' lang='lat' dir='ltr'><strong>propter</strong></span> <span class='ocrx_word' id='word_1_214' title='bbox 906 3073 1018 3128; x_wconf 85' lang='lat' dir='ltr'><strong>graves</strong></span> <span class='ocrx_word' id='word_1_215' title='bbox 1033 3059 1167 3130; x_wconf 88' lang='lat' dir='ltr'><strong>causas).</strong></span> 
     </span>
     <span class='ocr_line' id='line_1_31' title="bbox 255 3146 1283 3220; baseline -0.006 -16"><span class='ocrx_word' id='word_1_216' title='bbox 255 3149 374 3204; x_wconf 82' lang='lat' dir='ltr'><strong>Etenim</strong></span> <span class='ocrx_word' id='word_1_217' title='bbox 389 3150 493 3220; x_wconf 90' lang='lat' dir='ltr'><strong>primb</strong></span> <span class='ocrx_word' id='word_1_218' title='bbox 507 3149 680 3204; x_wconf 88' lang='lat' dir='ltr'><strong>divortium</strong></span> <span class='ocrx_word' id='word_1_219' title='bbox 700 3149 887 3204; x_wconf 87' lang='lat' dir='ltr'><strong>adversatur</strong></span> <span class='ocrx_word' id='word_1_220' title='bbox 910 3147 1111 3204; x_wconf 90' lang='lat' dir='ltr'><strong>matrimonio</strong></span> <span class='ocrx_word' id='word_1_221' title='bbox 1136 3162 1177 3202; x_wconf 84' lang='lat' dir='ltr'><strong>ex</strong></span> <span class='ocrx_word' id='word_1_222' title='bbox 1200 3146 1283 3217; x_wconf 89' lang='lat' dir='ltr'><strong>parte</strong></span> 
     </span>
    </p>
   </div>
   <div class='ocr_carea' id='block_1_12' title="bbox 217 3234 1384 3308">
    <p class='ocr_par' dir='ltr' id='par_1_17' title="bbox 217 3234 1384 3308">
     <span class='ocr_line' id='line_1_32' title="bbox 217 3234 1384 3308; baseline -0.008 -17"><span class='ocrx_word' id='word_1_223' title='bbox 217 3237 377 3308; x_wconf 88' lang='lat' dir='ltr'><strong>principii,</strong></span> <span class='ocrx_word' id='word_1_224' title='bbox 401 3239 483 3306; x_wconf 92' lang='lat' dir='ltr'><strong>quod</strong></span> <span class='ocrx_word' id='word_1_225' title='bbox 505 3239 553 3293; x_wconf 90' lang='lat' dir='ltr'><strong>est</strong></span> <span class='ocrx_word' id='word_1_226' title='bbox 574 3251 743 3294; x_wconf 90' lang='lat' dir='ltr'><strong>consensus</strong></span> <span class='ocrx_word' id='word_1_227' title='bbox 767 3251 806 3291; x_wconf 83' lang='lat' dir='ltr'><strong>ex</strong></span> <span class='ocrx_word' id='word_1_228' title='bbox 829 3250 935 3292; x_wconf 88' lang='lat' dir='ltr'><strong>amore</strong></span> <span class='ocrx_word' id='word_1_229' title='bbox 955 3235 1103 3291; x_wconf 89' lang='lat' dir='ltr'><strong>amicitiae</strong></span> <span class='ocrx_word' id='word_1_230' title='bbox 1122 3235 1237 3290; x_wconf 88' lang='lat' dir='ltr'><strong>intimo</strong></span> <span class='ocrx_word' id='word_1_231' title='bbox 1256 3234 1284 3288; x_wconf 89' lang='lat' dir='ltr'><strong>et</strong></span> <span class='ocrx_word' id='word_1_232' title='bbox 1383 3275 1384 3282; x_wconf 72' lang='grc'>,</span> 
     </span>
    </p>
   </div>
   <div class='ocr_carea' id='block_1_13' title="bbox 217 3323 1245 3398">
    <p class='ocr_par' dir='ltr' id='par_1_18' title="bbox 217 3323 1245 3398">
     <span class='ocr_line' id='line_1_33' title="bbox 217 3323 1245 3398; baseline -0.006 -16"><span class='ocrx_word' id='word_1_233' title='bbox 217 3327 369 3398; x_wconf 83' lang='lat' dir='ltr'><strong>perlecto.</strong></span> <span class='ocrx_word' id='word_1_234' title='bbox 395 3332 490 3384; x_wconf 81' lang='lat' dir='ltr'><strong>Amor</strong></span> <span class='ocrx_word' id='word_1_235' title='bbox 502 3329 607 3384; x_wconf 90' lang='lat' dir='ltr'><strong>autem</strong></span> <span class='ocrx_word' id='word_1_236' title='bbox 624 3325 805 3394; x_wconf 82' lang='lat' dir='ltr'><strong>hujusmodi</strong></span> <span class='ocrx_word' id='word_1_237' title='bbox 821 3339 980 3394; x_wconf 90' lang='lat' dir='ltr'><strong>nunquam</strong></span> <span class='ocrx_word' id='word_1_238' title='bbox 997 3323 1129 3380; x_wconf 84' lang='lat' dir='ltr'><strong>deficere</strong></span> <span class='ocrx_word' id='word_1_239' title='bbox 1145 3323 1245 3380; x_wconf 90' lang='lat' dir='ltr'><strong>debet.</strong></span> 
     </span>
    </p>
   </div>
   <div class='ocr_carea' id='block_1_14' title="bbox 215 3421 1283 3584">
    <p class='ocr_par' dir='ltr' id='par_1_19' title="bbox 215 3421 1283 3584">
     <span class='ocr_line' id='line_1_34' title="bbox 254 3421 1282 3493; baseline -0.005 -11"><span class='ocrx_word' id='word_1_240' title='bbox 254 3427 391 3483; x_wconf 83' lang='lat' dir='ltr'><strong>Secundo</strong></span> <span class='ocrx_word' id='word_1_241' title='bbox 415 3427 586 3482; x_wconf 89' lang='lat' dir='ltr'><strong>divortium</strong></span> <span class='ocrx_word' id='word_1_242' title='bbox 607 3425 794 3481; x_wconf 87' lang='lat' dir='ltr'><strong>adversatur</strong></span> <span class='ocrx_word' id='word_1_243' title='bbox 819 3424 1020 3480; x_wconf 88' lang='lat' dir='ltr'><strong>matrimonio</strong></span> <span class='ocrx_word' id='word_1_244' title='bbox 1044 3439 1085 3480; x_wconf 84' lang='lat' dir='ltr'><strong>ex</strong></span> <span class='ocrx_word' id='word_1_245' title='bbox 1104 3425 1195 3493; x_wconf 89' lang='lat' dir='ltr'><strong>parte</strong></span> <span class='ocrx_word' id='word_1_246' title='bbox 1217 3421 1282 3480; x_wconf 84' lang='lat' dir='ltr'><strong>tinia</strong></span> 
     </span>
     <span class='ocr_line' id='line_1_35' title="bbox 215 3510 1283 3584; baseline -0.004 -14"><span class='ocrx_word' id='word_1_247' title='bbox 215 3516 254 3570; x_wconf 93' lang='lat' dir='ltr'><strong>ad</strong></span> <span class='ocrx_word' id='word_1_248' title='bbox 265 3528 356 3584; x_wconf 90' lang='lat' dir='ltr'><strong>quem</strong></span> <span class='ocrx_word' id='word_1_249' title='bbox 373 3517 548 3572; x_wconf 88' lang='lat' dir='ltr'><strong>ordinatur.</strong></span> <span class='ocrx_word' id='word_1_250' title='bbox 556 3515 640 3570; x_wconf 85' lang='lat' dir='ltr'><strong>Finis</strong></span> <span class='ocrx_word' id='word_1_251' title='bbox 654 3515 736 3569; x_wconf 92' lang='lat' dir='ltr'><strong>enim</strong></span> <span class='ocrx_word' id='word_1_252' title='bbox 747 3514 924 3584; x_wconf 86' lang='lat' dir='ltr'><strong>praecipuus</strong></span> <span class='ocrx_word' id='word_1_253' title='bbox 937 3512 1130 3568; x_wconf 89' lang='lat' dir='ltr'><strong>matrimonii</strong></span> <span class='ocrx_word' id='word_1_254' title='bbox 1146 3513 1195 3569; x_wconf 89' lang='lat' dir='ltr'><strong>est</strong></span> <span class='ocrx_word' id='word_1_255' title='bbox 1210 3510 1283 3568; x_wconf 84' lang='lat' dir='ltr'><strong>illio·</strong></span> 
     </span>
    </p>
   </div>
   <div class='ocr_carea' id='block_1_15' title="bbox 190 3669 1281 3837">
    <p class='ocr_par' dir='ltr' id='par_1_20' title="bbox 190 3669 1281 3837">
     <span class='ocr_line' id='line_1_36' title="bbox 190 3669 1281 3820; baseline 0.003 -70"><span class='ocrx_word' id='word_1_256' title='bbox 190 3669 193 3676; x_wconf 26' lang='grc' dir='ltr'>Ι</span> <span class='ocrx_word' id='word_1_257' title='bbox 249 3701 458 3820; x_wconf 57' lang='grc'><strong>1117011811..</strong></span> <span class='ocrx_word' id='word_1_258' title='bbox 475 3701 538 3763; x_wconf 61' lang='lat' dir='ltr'><strong>Gy„</strong></span> <span class='ocrx_word' id='word_1_259' title='bbox 555 3700 574 3750; x_wconf 93' lang='grc'><strong>1.</strong></span> <span class='ocrx_word' id='word_1_260' title='bbox 591 3701 634 3762; x_wconf 86' lang='lat'><em>111,</em></span> <span class='ocrx_word' id='word_1_261' title='bbox 652 3715 694 3764; x_wconf 91' lang='lat' dir='ltr'><strong>cp.</strong></span> <span class='ocrx_word' id='word_1_262' title='bbox 717 3715 800 3750; x_wconf 84' lang='lat' dir='ltr'><strong>cxxru</strong></span> <span class='ocrx_word' id='word_1_263' title='bbox 814 3727 845 3737; x_wconf 97' lang='lat'>-</span> <span class='ocrx_word' id='word_1_264' title='bbox 859 3707 886 3750; x_wconf 88' lang='grc'><strong>61</strong></span> <span class='ocrx_word' id='word_1_265' title='bbox 900 3702 1019 3749; x_wconf 83' lang='lat' dir='ltr'><strong>Summa</strong></span> <span class='ocrx_word' id='word_1_266' title='bbox 1038 3699 1117 3748; x_wconf 82' lang='lat' dir='ltr'><strong>theol.</strong></span> <span class='ocrx_word' id='word_1_267' title='bbox 1132 3699 1162 3748; x_wconf 88' lang='lat' dir='ltr'><strong>in</strong></span> <span class='ocrx_word' id='word_1_268' title='bbox 1175 3697 1281 3762; x_wconf 79' lang='lat' dir='ltr'><strong>suppl..</strong></span> 
     </span>
     <span class='ocr_line' id='line_1_37' title="bbox 217 3773 474 3837; baseline 0.012 -16"><span class='ocrx_word' id='word_1_269' title='bbox 217 3787 247 3837; x_wconf 89' lang='lat' dir='ltr'><strong>q.</strong></span> <span class='ocrx_word' id='word_1_270' title='bbox 265 3773 280 3821; x_wconf 84' lang='grc'><strong>6</strong></span> <span class='ocrx_word' id='word_1_271' title='bbox 298 3810 304 3831; x_wconf 88' lang='grc'><em>,</em></span> <span class='ocrx_word' id='word_1_272' title='bbox 321 3787 336 3820; x_wconf 86' lang='lat' dir='ltr'><strong>a</strong></span> <span class='ocrx_word' id='word_1_273' title='bbox 378 3780 474 3836; x_wconf 77' lang='lat' dir='ltr'><strong>etseq.</strong></span> 
     </span>
    </p>
   </div>
   <div class='ocr_carea' id='block_1_16' title="bbox 0 0 1400 4546">
    <p class='ocr_par' dir='ltr' id='par_1_21' title="bbox 0 0 1400 4546">
     <span class='ocr_line' id='line_1_38' title="bbox 0 0 1400 4546; baseline 0 0"><span class='ocrx_word' id='word_1_274' title='bbox 0 0 1400 4546; x_wconf 95' lang='lat' dir='ltr'><strong> </strong></span> 
     </span>
    </p>
   </div>
  </div>
 </body>
</html>
