<?xml version="1.0" encoding="UTF-8"?>
<!DOCTYPE html PUBLIC "-//W3C//DTD XHTML 1.0 Transitional//EN"
    "http://www.w3.org/TR/xhtml1/DTD/xhtml1-transitional.dtd">
<html xmlns="http://www.w3.org/1999/xhtml" xml:lang="en" lang="en">
 <head>
  <title>
</title>
<meta http-equiv="Content-Type" content="text/html;charset=utf-8" />
  <meta name='ocr-system' content='tesseract 3.04.00' />
  <meta name='ocr-capabilities' content='ocr_page ocr_carea ocr_par ocr_line ocrx_word'/>
</head>
<body>
  <div class='ocr_page' id='page_1' title='image "./manualephilosop00blangoog_0108.png"; bbox 0 0 2828 4550; ppageno 0'>
   <div class='ocr_carea' id='block_1_1' title="bbox 285 417 1191 483">
    <p class='ocr_par' dir='ltr' id='par_1_1' title="bbox 285 417 1191 483">
     <span class='ocr_line' id='line_1_1' title="bbox 285 417 1191 483; baseline 0.001 -10"><span class='ocrx_word' id='word_1_1' title='bbox 285 432 388 473; x_wconf 77' lang='lat' dir='ltr'>carui·</span> <span class='ocrx_word' id='word_1_2' title='bbox 408 432 458 471; x_wconf 79' lang='lat' dir='ltr'>nv.</span> <span class='ocrx_word' id='word_1_3' title='bbox 474 449 506 456; x_wconf 91' lang='lat'><em>-</em></span> <span class='ocrx_word' id='word_1_4' title='bbox 522 429 571 471; x_wconf 77' lang='lat' dir='ltr'>it⁰⁸</span> <span class='ocrx_word' id='word_1_5' title='bbox 587 418 650 478; x_wconf 87' lang='grc'>934,</span> <span class='ocrx_word' id='word_1_6' title='bbox 662 418 725 481; x_wconf 86' lang='grc'>935,</span> <span class='ocrx_word' id='word_1_7' title='bbox 735 419 797 483; x_wconf 84' lang='grc'>936,</span> <span class='ocrx_word' id='word_1_8' title='bbox 807 417 946 482; x_wconf 84' lang='grc'>937,938,</span> <span class='ocrx_word' id='word_1_9' title='bbox 958 417 1021 474; x_wconf 88' lang='grc'><strong>939.</strong></span> <span class='ocrx_word' id='word_1_10' title='bbox 1141 419 1191 474; x_wconf 87' lang='lat'>107</span> 
     </span>
    </p>
   </div>
   <div class='ocr_carea' id='block_1_2' title="bbox 114 542 1192 880">
    <p class='ocr_par' dir='ltr' id='par_1_2' title="bbox 114 542 1192 880">
     <span class='ocr_line' id='line_1_2' title="bbox 114 542 1190 615; baseline 0.004 -19"><span class='ocrx_word' id='word_1_11' title='bbox 114 555 179 611; x_wconf 87' lang='lat' dir='ltr'>que</span> <span class='ocrx_word' id='word_1_12' title='bbox 193 544 242 596; x_wconf 89' lang='lat' dir='ltr'>est</span> <span class='ocrx_word' id='word_1_13' title='bbox 261 557 320 597; x_wconf 90' lang='lat' dir='ltr'>sua</span> <span class='ocrx_word' id='word_1_14' title='bbox 343 542 454 598; x_wconf 80' lang='lat' dir='ltr'>forma.</span> <span class='ocrx_word' id='word_1_15' title='bbox 478 545 543 597; x_wconf 82' lang='lat' dir='ltr'>Non</span> <span class='ocrx_word' id='word_1_16' title='bbox 567 545 615 598; x_wconf 98' lang='grc' dir='ltr'><strong>θεῖ</strong></span> <span class='ocrx_word' id='word_1_17' title='bbox 634 557 691 598; x_wconf 89' lang='lat' dir='ltr'>sua</span> <span class='ocrx_word' id='word_1_18' title='bbox 706 543 847 608; x_wconf 88' lang='lat' dir='ltr'>materia,</span> <span class='ocrx_word' id='word_1_19' title='bbox 872 544 903 598; x_wconf 93' lang='lat' dir='ltr'>id</span> <span class='ocrx_word' id='word_1_20' title='bbox 925 547 982 612; x_wconf 88' lang='lat' dir='ltr'>est,</span> <span class='ocrx_word' id='word_1_21' title='bbox 1003 543 1190 615; x_wconf 77' lang='lat' dir='ltr'><strong>phantasma</strong></span> 
     </span>
     <span class='ocr_line' id='line_1_3' title="bbox 114 631 1191 701; baseline 0.004 -15"><span class='ocrx_word' id='word_1_22' title='bbox 114 645 175 687; x_wconf 90' lang='lat' dir='ltr'>seu</span> <span class='ocrx_word' id='word_1_23' title='bbox 197 631 346 686; x_wconf 78' lang='lat' dir='ltr'>sensibile</span> <span class='ocrx_word' id='word_1_24' title='bbox 361 632 393 686; x_wconf 91' lang='grc' dir='ltr'><strong>θῖ</strong></span> <span class='ocrx_word' id='word_1_25' title='bbox 413 632 603 701; x_wconf 76' lang='lat' dir='ltr'><strong>particulare</strong></span> <span class='ocrx_word' id='word_1_26' title='bbox 625 645 645 686; x_wconf 90' lang='lat' dir='ltr'>a</span> <span class='ocrx_word' id='word_1_27' title='bbox 664 647 725 700; x_wconf 89' lang='lat' dir='ltr'>quo</span> <span class='ocrx_word' id='word_1_28' title='bbox 744 631 953 696; x_wconf 88' lang='lat' dir='ltr'>abstrahitur;</span> <span class='ocrx_word' id='word_1_29' title='bbox 970 648 1041 688; x_wconf 91' lang='lat' dir='ltr'>nam</span> <span class='ocrx_word' id='word_1_30' title='bbox 1062 635 1191 690; x_wconf 87' lang='lat' dir='ltr'>univer-</span> 
     </span>
     <span class='ocr_line' id='line_1_4' title="bbox 115 719 1192 790; baseline 0.003 -15"><span class='ocrx_word' id='word_1_31' title='bbox 115 719 184 775; x_wconf 87' lang='lat' dir='ltr'>sale</span> <span class='ocrx_word' id='word_1_32' title='bbox 199 720 411 788; x_wconf 74' lang='lat' dir='ltr'>distinguitur</span> <span class='ocrx_word' id='word_1_33' title='bbox 424 735 442 775; x_wconf 95' lang='lat' dir='ltr'>a</span> <span class='ocrx_word' id='word_1_34' title='bbox 456 721 652 790; x_wconf 69' lang='lat' dir='ltr'>particulari.</span> <span class='ocrx_word' id='word_1_35' title='bbox 663 722 729 776; x_wconf 89' lang='lat' dir='ltr'>Non</span> <span class='ocrx_word' id='word_1_36' title='bbox 744 723 792 776; x_wconf 89' lang='grc' dir='ltr'><strong>θεῖ</strong></span> <span class='ocrx_word' id='word_1_37' title='bbox 806 736 863 776; x_wconf 90' lang='lat' dir='ltr'>sua</span> <span class='ocrx_word' id='word_1_38' title='bbox 878 722 989 785; x_wconf 81' lang='lat' dir='ltr'>forma,</span> <span class='ocrx_word' id='word_1_39' title='bbox 1002 737 1073 777; x_wconf 90' lang='lat' dir='ltr'>nam</span> <span class='ocrx_word' id='word_1_40' title='bbox 1089 737 1192 778; x_wconf 86' lang='lat' dir='ltr'>essen·</span> 
     </span>
     <span class='ocr_line' id='line_1_5' title="bbox 114 809 802 880; baseline 0.001 -17"><span class='ocrx_word' id='word_1_41' title='bbox 114 809 240 864; x_wconf 90' lang='lat' dir='ltr'>tialiter</span> <span class='ocrx_word' id='word_1_42' title='bbox 254 810 407 880; x_wconf 81' lang='lat' dir='ltr'>exprimit</span> <span class='ocrx_word' id='word_1_43' title='bbox 425 810 542 878; x_wconf 91' lang='lat' dir='ltr'>aliquid</span> <span class='ocrx_word' id='word_1_44' title='bbox 562 810 679 880; x_wconf 89' lang='lat' dir='ltr'>praeter</span> <span class='ocrx_word' id='word_1_45' title='bbox 693 811 802 880; x_wconf 89' lang='lat' dir='ltr'>ipsam.</span> 
     </span>
    </p>
   </div>
   <div class='ocr_carea' id='block_1_3' title="bbox 110 923 1192 3390">
    <p class='ocr_par' dir='ltr' id='par_1_3' title="bbox 110 923 1192 1718">
     <span class='ocr_line' id='line_1_6' title="bbox 152 923 1192 1006; baseline 0.004 -15"><span class='ocrx_word' id='word_1_46' title='bbox 152 935 219 991; x_wconf 83' lang='grc'><strong>938.</strong></span> <span class='ocrx_word' id='word_1_47' title='bbox 241 935 327 990; x_wconf 85' lang='lat' dir='ltr'>Idea</span> <span class='ocrx_word' id='word_1_48' title='bbox 346 939 404 991; x_wconf 83' lang='lat' dir='ltr'>est</span> <span class='ocrx_word' id='word_1_49' title='bbox 425 936 472 990; x_wconf 84' lang='lat' dir='ltr'>ad</span> <span class='ocrx_word' id='word_1_50' title='bbox 495 936 651 991; x_wconf 84' lang='lat' dir='ltr'>hominis</span> <span class='ocrx_word' id='word_1_51' title='bbox 673 923 877 1006; x_wconf 79' lang='lat' dir='ltr'>imaginem.</span> <span class='ocrx_word' id='word_1_52' title='bbox 892 969 925 978; x_wconf 89' lang='lat'>—</span> <span class='ocrx_word' id='word_1_53' title='bbox 947 939 1033 994; x_wconf 87' lang='lat' dir='ltr'>Unde</span> <span class='ocrx_word' id='word_1_54' title='bbox 1052 939 1123 994; x_wconf 93' lang='lat' dir='ltr'>idea</span> <span class='ocrx_word' id='word_1_55' title='bbox 1143 941 1192 995; x_wconf 89' lang='grc' dir='ltr'><strong>θεῖ</strong></span> 
     </span>
     <span class='ocr_line' id='line_1_7' title="bbox 115 1024 1190 1095; baseline 0.006 -17"><span class='ocrx_word' id='word_1_56' title='bbox 115 1025 256 1092; x_wconf 88' lang='lat' dir='ltr'>quodam</span> <span class='ocrx_word' id='word_1_57' title='bbox 285 1025 433 1079; x_wconf 91' lang='lat' dir='ltr'>modoad</span> <span class='ocrx_word' id='word_1_58' title='bbox 454 1024 591 1080; x_wconf 91' lang='lat' dir='ltr'>hominis</span> <span class='ocrx_word' id='word_1_59' title='bbox 612 1025 791 1095; x_wconf 90' lang='lat' dir='ltr'>imaginem.</span> <span class='ocrx_word' id='word_1_60' title='bbox 809 1028 895 1088; x_wconf 86' lang='lat' dir='ltr'>Nam,</span> <span class='ocrx_word' id='word_1_61' title='bbox 913 1027 994 1082; x_wconf 90' lang='lat' dir='ltr'>sicut</span> <span class='ocrx_word' id='word_1_62' title='bbox 1010 1026 1113 1090; x_wconf 90' lang='lat' dir='ltr'>homo,</span> <span class='ocrx_word' id='word_1_63' title='bbox 1139 1043 1190 1084; x_wconf 86' lang='lat' dir='ltr'>ex·</span> 
     </span>
     <span class='ocr_line' id='line_1_8' title="bbox 115 1113 1190 1186; baseline 0.005 -17"><span class='ocrx_word' id='word_1_64' title='bbox 115 1113 225 1182; x_wconf 80' lang='lat' dir='ltr'>surgit</span> <span class='ocrx_word' id='word_1_65' title='bbox 240 1114 450 1168; x_wconf 82' lang='lat' dir='ltr'>essentialiter</span> <span class='ocrx_word' id='word_1_66' title='bbox 465 1113 622 1182; x_wconf 82' lang='lat' dir='ltr'>exaliqua</span> <span class='ocrx_word' id='word_1_67' title='bbox 636 1114 810 1170; x_wconf 80' lang='lat' dir='ltr'>materiatct</span> <span class='ocrx_word' id='word_1_68' title='bbox 823 1130 862 1170; x_wconf 83' lang='lat' dir='ltr'>ex</span> <span class='ocrx_word' id='word_1_69' title='bbox 876 1115 981 1184; x_wconf 78' lang='lat' dir='ltr'>aliqua</span> <span class='ocrx_word' id='word_1_70' title='bbox 995 1115 1106 1182; x_wconf 81' lang='lat' dir='ltr'>forma,</span> <span class='ocrx_word' id='word_1_71' title='bbox 1122 1133 1190 1186; x_wconf 85' lang='lat' dir='ltr'>quae</span> 
     </span>
     <span class='ocr_line' id='line_1_9' title="bbox 115 1203 1191 1274; baseline 0.003 -16"><span class='ocrx_word' id='word_1_72' title='bbox 115 1203 262 1271; x_wconf 88' lang='lat' dir='ltr'>separari</span> <span class='ocrx_word' id='word_1_73' title='bbox 277 1204 446 1269; x_wconf 83' lang='lat' dir='ltr'>nequeunt,</span> <span class='ocrx_word' id='word_1_74' title='bbox 463 1203 521 1257; x_wconf 91' lang='lat' dir='ltr'>nisi</span> <span class='ocrx_word' id='word_1_75' title='bbox 539 1203 632 1258; x_wconf 93' lang='lat' dir='ltr'>homo</span> <span class='ocrx_word' id='word_1_76' title='bbox 652 1206 770 1274; x_wconf 87' lang='lat' dir='ltr'>pereat,</span> <span class='ocrx_word' id='word_1_77' title='bbox 786 1204 831 1258; x_wconf 90' lang='lat' dir='ltr'>ita</span> <span class='ocrx_word' id='word_1_78' title='bbox 845 1204 915 1258; x_wconf 89' lang='lat' dir='ltr'>idea</span> <span class='ocrx_word' id='word_1_79' title='bbox 931 1206 1073 1273; x_wconf 82' lang='lat' dir='ltr'>exsurgit</span> <span class='ocrx_word' id='word_1_80' title='bbox 1088 1221 1191 1261; x_wconf 88' lang='lat' dir='ltr'>essen·</span> 
     </span>
     <span class='ocr_line' id='line_1_10' title="bbox 116 1289 1189 1364; baseline 0.004 -18"><span class='ocrx_word' id='word_1_81' title='bbox 116 1291 243 1346; x_wconf 89' lang='lat' dir='ltr'>tialiter</span> <span class='ocrx_word' id='word_1_82' title='bbox 258 1305 297 1345; x_wconf 81' lang='lat' dir='ltr'>ex</span> <span class='ocrx_word' id='word_1_83' title='bbox 313 1289 445 1358; x_wconf 88' lang='lat' dir='ltr'>objecto,</span> <span class='ocrx_word' id='word_1_84' title='bbox 457 1306 512 1347; x_wconf 91' lang='lat' dir='ltr'>seu</span> <span class='ocrx_word' id='word_1_85' title='bbox 528 1292 670 1355; x_wconf 78' lang='lat' dir='ltr'>materia.</span> <span class='ocrx_word' id='word_1_86' title='bbox 685 1295 717 1348; x_wconf 90' lang='grc' dir='ltr'><strong>θῖ</strong></span> <span class='ocrx_word' id='word_1_87' title='bbox 729 1291 840 1356; x_wconf 79' lang='lat' dir='ltr'>forma,</span> <span class='ocrx_word' id='word_1_88' title='bbox 857 1306 935 1360; x_wconf 79' lang='lat' dir='ltr'>quae,</span> <span class='ocrx_word' id='word_1_89' title='bbox 949 1293 975 1348; x_wconf 93' lang='lat' dir='ltr'>si</span> <span class='ocrx_word' id='word_1_90' title='bbox 990 1295 1189 1364; x_wconf 85' lang='lat' dir='ltr'>separantur,</span> 
     </span>
     <span class='ocr_line' id='line_1_11' title="bbox 112 1380 1188 1453; baseline 0.004 -19"><span class='ocrx_word' id='word_1_91' title='bbox 112 1380 190 1436; x_wconf 90' lang='lat' dir='ltr'>idea</span> <span class='ocrx_word' id='word_1_92' title='bbox 211 1381 383 1435; x_wconf 87' lang='lat' dir='ltr'>evanescit.</span> <span class='ocrx_word' id='word_1_93' title='bbox 411 1382 541 1436; x_wconf 86' lang='lat' dir='ltr'>Materia</span> <span class='ocrx_word' id='word_1_94' title='bbox 563 1380 639 1435; x_wconf 85' lang='lat' dir='ltr'>ideae</span> <span class='ocrx_word' id='word_1_95' title='bbox 657 1382 750 1436; x_wconf 89' lang='lat' dir='ltr'>estid</span> <span class='ocrx_word' id='word_1_96' title='bbox 779 1381 860 1450; x_wconf 90' lang='lat' dir='ltr'>quod</span> <span class='ocrx_word' id='word_1_97' title='bbox 883 1382 992 1437; x_wconf 85' lang='lat' dir='ltr'>sensus</span> <span class='ocrx_word' id='word_1_98' title='bbox 1015 1383 1135 1453; x_wconf 87' lang='lat' dir='ltr'>praebet</span> <span class='ocrx_word' id='word_1_99' title='bbox 1156 1384 1188 1438; x_wconf 91' lang='lat' dir='ltr'>in</span> 
     </span>
     <span class='ocr_line' id='line_1_12' title="bbox 116 1468 1189 1541; baseline 0.004 -17"><span class='ocrx_word' id='word_1_100' title='bbox 116 1469 362 1541; x_wconf 83' lang='lat' dir='ltr'>phantasmate;</span> <span class='ocrx_word' id='word_1_101' title='bbox 379 1468 481 1524; x_wconf 79' lang='lat' dir='ltr'>forma</span> <span class='ocrx_word' id='word_1_102' title='bbox 503 1472 609 1525; x_wconf 89' lang='lat' dir='ltr'>autem</span> <span class='ocrx_word' id='word_1_103' title='bbox 627 1472 675 1526; x_wconf 90' lang='grc' dir='ltr'><strong>θεῖ</strong></span> <span class='ocrx_word' id='word_1_104' title='bbox 699 1470 870 1526; x_wconf 86' lang='lat' dir='ltr'>abstractio</span> <span class='ocrx_word' id='word_1_105' title='bbox 889 1485 944 1526; x_wconf 92' lang='lat' dir='ltr'>seu</span> <span class='ocrx_word' id='word_1_106' title='bbox 966 1471 1189 1528; x_wconf 87' lang='lat' dir='ltr'>universalitas</span> 
     </span>
     <span class='ocr_line' id='line_1_13' title="bbox 113 1557 1189 1630; baseline 0 -17"><span class='ocrx_word' id='word_1_107' title='bbox 113 1559 200 1630; x_wconf 88' lang='lat' dir='ltr'>ipsa,</span> <span class='ocrx_word' id='word_1_108' title='bbox 216 1559 278 1626; x_wconf 75' lang='lat' dir='ltr'>qua</span> <span class='ocrx_word' id='word_1_109' title='bbox 290 1559 362 1612; x_wconf 88' lang='lat' dir='ltr'>idea</span> <span class='ocrx_word' id='word_1_110' title='bbox 377 1557 413 1613; x_wconf 83' lang='lat' dir='ltr'>ut</span> <span class='ocrx_word' id='word_1_111' title='bbox 427 1559 522 1613; x_wconf 91' lang='lat' dir='ltr'>simul</span> <span class='ocrx_word' id='word_1_112' title='bbox 537 1557 715 1626; x_wconf 84' lang='lat' dir='ltr'>subjectiva</span> <span class='ocrx_word' id='word_1_113' title='bbox 728 1573 764 1614; x_wconf 91' lang='lat' dir='ltr'>ac</span> <span class='ocrx_word' id='word_1_114' title='bbox 780 1559 948 1628; x_wconf 76' lang='lat' dir='ltr'>obJectiva,</span> <span class='ocrx_word' id='word_1_115' title='bbox 960 1560 1079 1616; x_wconf 90' lang='lat' dir='ltr'>scillcet</span> <span class='ocrx_word' id='word_1_116' title='bbox 1094 1561 1189 1616; x_wconf 90' lang='lat' dir='ltr'>modi-</span> 
     </span>
     <span class='ocr_line' id='line_1_14' title="bbox 110 1647 653 1718; baseline 0.009 -15"><span class='ocrx_word' id='word_1_117' title='bbox 110 1647 223 1703; x_wconf 85' lang='lat' dir='ltr'>ficatio</span> <span class='ocrx_word' id='word_1_118' title='bbox 239 1648 352 1702; x_wconf 83' lang='lat' dir='ltr'>mentis</span> <span class='ocrx_word' id='word_1_119' title='bbox 368 1662 403 1702; x_wconf 92' lang='lat' dir='ltr'>ac</span> <span class='ocrx_word' id='word_1_120' title='bbox 418 1648 464 1702; x_wconf 90' lang='lat' dir='ltr'>rei</span> <span class='ocrx_word' id='word_1_121' title='bbox 479 1649 653 1718; x_wconf 79' lang='lat' dir='ltr'>expressio·</span> 
     </span>
    </p>

    <p class='ocr_par' dir='ltr' id='par_1_4' title="bbox 113 1737 1192 2432">
     <span class='ocr_line' id='line_1_15' title="bbox 152 1737 1191 1808; baseline 0.002 -16"><span class='ocrx_word' id='word_1_122' title='bbox 152 1737 226 1792; x_wconf 88' lang='lat' dir='ltr'>ldea</span> <span class='ocrx_word' id='word_1_123' title='bbox 240 1737 341 1804; x_wconf 86' lang='lat' dir='ltr'>igitur</span> <span class='ocrx_word' id='word_1_124' title='bbox 355 1737 459 1791; x_wconf 90' lang='lat' dir='ltr'>oritur</span> <span class='ocrx_word' id='word_1_125' title='bbox 482 1751 522 1792; x_wconf 81' lang='lat' dir='ltr'>ex</span> <span class='ocrx_word' id='word_1_126' title='bbox 539 1737 660 1793; x_wconf 90' lang='lat' dir='ltr'>duobus</span> <span class='ocrx_word' id='word_1_127' title='bbox 674 1738 860 1808; x_wconf 87' lang='lat' dir='ltr'>principiis:</span> <span class='ocrx_word' id='word_1_128' title='bbox 883 1753 922 1793; x_wconf 85' lang='lat' dir='ltr'>ex</span> <span class='ocrx_word' id='word_1_129' title='bbox 941 1739 1097 1808; x_wconf 91' lang='lat' dir='ltr'>principio</span> <span class='ocrx_word' id='word_1_130' title='bbox 1121 1753 1191 1807; x_wconf 89' lang='lat' dir='ltr'>pas·</span> 
     </span>
     <span class='ocr_line' id='line_1_16' title="bbox 115 1825 1191 1898; baseline 0.001 -17"><span class='ocrx_word' id='word_1_131' title='bbox 115 1826 199 1888; x_wconf 82' lang='lat' dir='ltr'>sivo,</span> <span class='ocrx_word' id='word_1_132' title='bbox 219 1825 386 1889; x_wconf 86' lang='lat' dir='ltr'>materiali,</span> <span class='ocrx_word' id='word_1_133' title='bbox 402 1825 523 1881; x_wconf 88' lang='lat' dir='ltr'>scilicet</span> <span class='ocrx_word' id='word_1_134' title='bbox 536 1841 575 1881; x_wconf 85' lang='lat' dir='ltr'>ex</span> <span class='ocrx_word' id='word_1_135' title='bbox 591 1826 712 1896; x_wconf 88' lang='lat' dir='ltr'>objecto</span> <span class='ocrx_word' id='word_1_136' title='bbox 725 1827 807 1896; x_wconf 90' lang='lat' dir='ltr'>quod</span> <span class='ocrx_word' id='word_1_137' title='bbox 821 1827 939 1896; x_wconf 88' lang='lat' dir='ltr'>praebet</span> <span class='ocrx_word' id='word_1_138' title='bbox 954 1841 1064 1882; x_wconf 87' lang='lat' dir='ltr'>sensus</span> <span class='ocrx_word' id='word_1_139' title='bbox 1079 1828 1112 1882; x_wconf 90' lang='grc' dir='ltr'><strong>θῖ</strong></span> <span class='ocrx_word' id='word_1_140' title='bbox 1123 1841 1191 1898; x_wconf 90' lang='lat' dir='ltr'>spe·</span> 
     </span>
     <span class='ocr_line' id='line_1_17' title="bbox 115 1913 1191 1989; baseline 0.002 -19"><span class='ocrx_word' id='word_1_141' title='bbox 115 1915 227 1970; x_wconf 90' lang='lat' dir='ltr'>ciatim</span> <span class='ocrx_word' id='word_1_142' title='bbox 250 1913 435 1985; x_wconf 83' lang='lat' dir='ltr'>phantasia3</span> <span class='ocrx_word' id='word_1_143' title='bbox 459 1916 491 1970; x_wconf 89' lang='lat' dir='ltr'>et</span> <span class='ocrx_word' id='word_1_144' title='bbox 509 1931 548 1970; x_wconf 81' lang='lat' dir='ltr'>ex</span> <span class='ocrx_word' id='word_1_145' title='bbox 568 1916 724 1986; x_wconf 89' lang='lat' dir='ltr'>principio</span> <span class='ocrx_word' id='word_1_146' title='bbox 748 1917 862 1982; x_wconf 86' lang='lat' dir='ltr'>activo,</span> <span class='ocrx_word' id='word_1_147' title='bbox 883 1916 1019 1989; x_wconf 81' lang='lat' dir='ltr'>formali,</span> <span class='ocrx_word' id='word_1_148' title='bbox 1036 1916 1117 1983; x_wconf 86' lang='lat' dir='ltr'>quod</span> <span class='ocrx_word' id='word_1_149' title='bbox 1142 1919 1191 1972; x_wconf 90' lang='lat' dir='ltr'>est</span> 
     </span>
     <span class='ocr_line' id='line_1_18' title="bbox 114 2003 1192 2094; baseline 0.002 -36"><span class='ocrx_word' id='word_1_150' title='bbox 114 2005 185 2094; x_wconf 57' lang='lat' dir='ltr'>ipae</span> <span class='ocrx_word' id='word_1_151' title='bbox 205 2003 385 2058; x_wconf 83' lang='lat' dir='ltr'>intellectus</span> <span class='ocrx_word' id='word_1_152' title='bbox 407 2005 459 2072; x_wconf 89' lang='lat' dir='ltr'>qui</span> <span class='ocrx_word' id='word_1_153' title='bbox 482 2005 638 2059; x_wconf 89' lang='lat' dir='ltr'>abstrahit</span> <span class='ocrx_word' id='word_1_154' title='bbox 661 2005 847 2071; x_wconf 85' lang='lat' dir='ltr'>(intellectus</span> <span class='ocrx_word' id='word_1_155' title='bbox 871 2006 976 2074; x_wconf 87' lang='lat' dir='ltr'>agens)</span> <span class='ocrx_word' id='word_1_156' title='bbox 1001 2007 1033 2060; x_wconf 90' lang='lat' dir='ltr'>et</span> <span class='ocrx_word' id='word_1_157' title='bbox 1055 2006 1192 2075; x_wconf 88' lang='lat' dir='ltr'>concipit</span> 
     </span>
     <span class='ocr_line' id='line_1_19' title="bbox 114 2093 1190 2163; baseline 0 -15"><span class='ocrx_word' id='word_1_158' title='bbox 114 2093 311 2163; x_wconf 81' lang='lat' dir='ltr'>(intellectus</span> <span class='ocrx_word' id='word_1_159' title='bbox 335 2094 456 2161; x_wconf 90' lang='lat' dir='ltr'>patiens</span> <span class='ocrx_word' id='word_1_160' title='bbox 479 2108 533 2148; x_wconf 90' lang='lat' dir='ltr'>seu</span> <span class='ocrx_word' id='word_1_161' title='bbox 557 2094 734 2162; x_wconf 88' lang='lat' dir='ltr'>possibilis).</span> <span class='ocrx_word' id='word_1_162' title='bbox 751 2097 794 2148; x_wconf 85' lang='lat' dir='ltr'>Ex</span> <span class='ocrx_word' id='word_1_163' title='bbox 815 2094 863 2148; x_wconf 78' lang='lat' dir='ltr'>his</span> <span class='ocrx_word' id='word_1_164' title='bbox 883 2094 1003 2149; x_wconf 90' lang='lat' dir='ltr'>duobus</span> <span class='ocrx_word' id='word_1_165' title='bbox 1028 2094 1190 2163; x_wconf 88' lang='lat' dir='ltr'>principiis</span> 
     </span>
     <span class='ocr_line' id='line_1_20' title="bbox 114 2179 1191 2252; baseline -0.003 -14"><span class='ocrx_word' id='word_1_166' title='bbox 114 2183 209 2252; x_wconf 85' lang='lat' dir='ltr'>quasi</span> <span class='ocrx_word' id='word_1_167' title='bbox 225 2185 397 2250; x_wconf 87' lang='lat' dir='ltr'>generatur</span> <span class='ocrx_word' id='word_1_168' title='bbox 411 2183 493 2238; x_wconf 88' lang='lat' dir='ltr'>idea.</span> <span class='ocrx_word' id='word_1_169' title='bbox 514 2183 591 2238; x_wconf 90' lang='lat' dir='ltr'>Hinc</span> <span class='ocrx_word' id='word_1_170' title='bbox 605 2184 748 2252; x_wconf 88' lang='lat' dir='ltr'>aperitur</span> <span class='ocrx_word' id='word_1_171' title='bbox 769 2197 878 2238; x_wconf 86' lang='lat' dir='ltr'>sensus</span> <span class='ocrx_word' id='word_1_172' title='bbox 897 2183 1083 2238; x_wconf 84' lang='lat' dir='ltr'>axiomatis:</span> <span class='ocrx_word' id='word_1_173' title='bbox 1100 2179 1191 2236; x_wconf 82' lang='lat' dir='ltr'>Nihil</span> 
     </span>
     <span class='ocr_line' id='line_1_21' title="bbox 113 2268 1188 2344; baseline -0.003 -17"><span class='ocrx_word' id='word_1_174' title='bbox 113 2273 162 2327; x_wconf 83' lang='lat' dir='ltr'>est</span> <span class='ocrx_word' id='word_1_175' title='bbox 180 2268 394 2325; x_wconf 76' lang='lat' dir='ltr'>inintellecta</span> <span class='ocrx_word' id='word_1_176' title='bbox 408 2269 482 2342; x_wconf 79' lang='lat' dir='ltr'>quin</span> <span class='ocrx_word' id='word_1_177' title='bbox 498 2272 590 2344; x_wconf 80' lang='lat' dir='ltr'>priris</span> <span class='ocrx_word' id='word_1_178' title='bbox 609 2271 709 2342; x_wconf 79' lang='lat' dir='ltr'>suerit</span> <span class='ocrx_word' id='word_1_179' title='bbox 732 2271 767 2325; x_wconf 81' lang='lat' dir='ltr'>ia</span> <span class='ocrx_word' id='word_1_180' title='bbox 789 2287 891 2325; x_wconf 81' lang='lat' dir='ltr'>sensu.</span> <span class='ocrx_word' id='word_1_181' title='bbox 915 2273 999 2326; x_wconf 92' lang='lat' dir='ltr'>Hanc</span> <span class='ocrx_word' id='word_1_182' title='bbox 1013 2271 1188 2326; x_wconf 84' lang='lat' dir='ltr'>doctrinam</span> 
     </span>
     <span class='ocr_line' id='line_1_22' title="bbox 114 2360 688 2432; baseline -0.002 -17"><span class='ocrx_word' id='word_1_183' title='bbox 114 2360 346 2416; x_wconf 90' lang='lat' dir='ltr'>aristotelicam</span> <span class='ocrx_word' id='word_1_184' title='bbox 363 2361 406 2416; x_wconf 90' lang='lat' dir='ltr'>sic</span> <span class='ocrx_word' id='word_1_185' title='bbox 421 2361 549 2432; x_wconf 84' lang='lat' dir='ltr'>exponit</span> <span class='ocrx_word' id='word_1_186' title='bbox 563 2363 591 2416; x_wconf 90' lang='lat' dir='ltr'>S.</span> <span class='ocrx_word' id='word_1_187' title='bbox 609 2361 662 2416; x_wconf 89' lang='lat' dir='ltr'>Th.</span> <span class='ocrx_word' id='word_1_188' title='bbox 681 2378 688 2414; x_wconf 91' lang='lat'>:</span> 
     </span>
    </p>

    <p class='ocr_par' dir='ltr' id='par_1_5' title="bbox 114 2467 1191 3390">
     <span class='ocr_line' id='line_1_23' title="bbox 150 2467 1191 2538; baseline -0.002 -16"><span class='ocrx_word' id='word_1_189' title='bbox 150 2467 200 2522; x_wconf 89' lang='lat' dir='ltr'>Ad</span> <span class='ocrx_word' id='word_1_190' title='bbox 217 2467 403 2521; x_wconf 91' lang='lat' dir='ltr'>causandam</span> <span class='ocrx_word' id='word_1_191' title='bbox 420 2467 665 2522; x_wconf 89' lang='lat' dir='ltr'>intellectualem</span> <span class='ocrx_word' id='word_1_192' title='bbox 679 2468 892 2538; x_wconf 88' lang='lat' dir='ltr'>operationem</span> <span class='ocrx_word' id='word_1_193' title='bbox 909 2467 1078 2522; x_wconf 81' lang='lat' dir='ltr'>secundum</span> <span class='ocrx_word' id='word_1_194' title='bbox 1099 2467 1191 2520; x_wconf 81' lang='lat' dir='ltr'>Aris-</span> 
     </span>
     <span class='ocr_line' id='line_1_24' title="bbox 115 2538 1190 2608; baseline -0.001 -15"><span class='ocrx_word' id='word_1_195' title='bbox 115 2539 249 2593; x_wconf 89' lang='lat' dir='ltr'>totelem</span> <span class='ocrx_word' id='word_1_196' title='bbox 266 2552 327 2592; x_wconf 91' lang='lat' dir='ltr'>non</span> <span class='ocrx_word' id='word_1_197' title='bbox 341 2538 458 2593; x_wconf 85' lang='lat' dir='ltr'>sufficit</span> <span class='ocrx_word' id='word_1_198' title='bbox 472 2541 537 2594; x_wconf 87' lang='lat' dir='ltr'>sola</span> <span class='ocrx_word' id='word_1_199' title='bbox 551 2539 716 2607; x_wconf 91' lang='lat' dir='ltr'>impressio</span> <span class='ocrx_word' id='word_1_200' title='bbox 730 2539 924 2594; x_wconf 89' lang='lat' dir='ltr'>sensibilium</span> <span class='ocrx_word' id='word_1_201' title='bbox 941 2552 1120 2608; x_wconf 80' lang='lat' dir='ltr'>corporum,</span> <span class='ocrx_word' id='word_1_202' title='bbox 1136 2539 1190 2592; x_wconf 92' lang='lat' dir='ltr'>sed</span> 
     </span>
     <span class='ocr_line' id='line_1_25' title="bbox 115 2608 1190 2678; baseline 0 -14"><span class='ocrx_word' id='word_1_203' title='bbox 115 2609 298 2675; x_wconf 79' lang='lat' dir='ltr'>requiritur</span> <span class='ocrx_word' id='word_1_204' title='bbox 314 2609 432 2675; x_wconf 82' lang='lat' dir='ltr'>aliquid</span> <span class='ocrx_word' id='word_1_205' title='bbox 456 2610 610 2671; x_wconf 83' lang='lat' dir='ltr'>nobilius;</span> <span class='ocrx_word' id='word_1_206' title='bbox 631 2611 705 2678; x_wconf 84' lang='lat' dir='ltr'>quia</span> <span class='ocrx_word' id='word_1_207' title='bbox 720 2624 813 2678; x_wconf 90' lang='lat' dir='ltr'>agens</span> <span class='ocrx_word' id='word_1_208' title='bbox 833 2613 882 2664; x_wconf 89' lang='lat' dir='ltr'>est</span> <span class='ocrx_word' id='word_1_209' title='bbox 902 2608 1118 2664; x_wconf 88' lang='lat' dir='ltr'>honorabilius</span> <span class='ocrx_word' id='word_1_210' title='bbox 1139 2624 1190 2678; x_wconf 91' lang='lat' dir='ltr'>pa-</span> 
     </span>
     <span class='ocr_line' id='line_1_26' title="bbox 115 2679 1190 2749; baseline 0 -15"><span class='ocrx_word' id='word_1_211' title='bbox 115 2679 275 2744; x_wconf 88' lang='lat' dir='ltr'>tiente...;</span> <span class='ocrx_word' id='word_1_212' title='bbox 292 2694 354 2734; x_wconf 90' lang='lat' dir='ltr'>non</span> <span class='ocrx_word' id='word_1_213' title='bbox 370 2685 474 2734; x_wconf 86' lang='lat' dir='ltr'>tamen</span> <span class='ocrx_word' id='word_1_214' title='bbox 492 2681 536 2735; x_wconf 81' lang='lat' dir='ltr'>iia</span> <span class='ocrx_word' id='word_1_215' title='bbox 550 2682 632 2746; x_wconf 79' lang='lat' dir='ltr'>cuod</span> <span class='ocrx_word' id='word_1_216' title='bbox 647 2681 870 2736; x_wconf 89' lang='lat' dir='ltr'>intellectualis</span> <span class='ocrx_word' id='word_1_217' title='bbox 885 2679 1027 2749; x_wconf 91' lang='lat' dir='ltr'>operatio</span> <span class='ocrx_word' id='word_1_218' title='bbox 1043 2684 1190 2734; x_wconf 89' lang='lat' dir='ltr'>causetur</span> 
     </span>
     <span class='ocr_line' id='line_1_27' title="bbox 114 2750 1189 2820; baseline 0 -16"><span class='ocrx_word' id='word_1_219' title='bbox 114 2751 149 2804; x_wconf 90' lang='lat' dir='ltr'>in</span> <span class='ocrx_word' id='word_1_220' title='bbox 164 2751 257 2805; x_wconf 88' lang='lat' dir='ltr'>nobis</span> <span class='ocrx_word' id='word_1_221' title='bbox 279 2765 318 2804; x_wconf 79' lang='lat' dir='ltr'>ex</span> <span class='ocrx_word' id='word_1_222' title='bbox 336 2750 403 2805; x_wconf 76' lang='lat' dir='ltr'>sola</span> <span class='ocrx_word' id='word_1_223' title='bbox 421 2751 626 2820; x_wconf 86' lang='lat' dir='ltr'>impressione</span> <span class='ocrx_word' id='word_1_224' title='bbox 648 2754 826 2820; x_wconf 83' lang='lat' dir='ltr'>aliquarum</span> <span class='ocrx_word' id='word_1_225' title='bbox 849 2765 956 2806; x_wconf 90' lang='lat' dir='ltr'>rerum</span> <span class='ocrx_word' id='word_1_226' title='bbox 979 2752 1189 2820; x_wconf 86' lang='lat' dir='ltr'>superiorum,</span> 
     </span>
     <span class='ocr_line' id='line_1_28' title="bbox 116 2822 1190 2892; baseline 0.001 -16"><span class='ocrx_word' id='word_1_227' title='bbox 116 2822 154 2876; x_wconf 89' lang='lat' dir='ltr'>ut</span> <span class='ocrx_word' id='word_1_228' title='bbox 173 2822 263 2876; x_wconf 91' lang='lat' dir='ltr'>Plato</span> <span class='ocrx_word' id='word_1_229' title='bbox 278 2823 405 2891; x_wconf 83' lang='lat' dir='ltr'>posuit;</span> <span class='ocrx_word' id='word_1_230' title='bbox 430 2823 483 2878; x_wconf 89' lang='lat' dir='ltr'>sed</span> <span class='ocrx_word' id='word_1_231' title='bbox 501 2823 580 2877; x_wconf 93' lang='lat' dir='ltr'>illud</span> <span class='ocrx_word' id='word_1_232' title='bbox 604 2823 748 2892; x_wconf 87' lang='lat' dir='ltr'>superius</span> <span class='ocrx_word' id='word_1_233' title='bbox 773 2825 805 2878; x_wconf 90' lang='lat' dir='ltr'>et</span> <span class='ocrx_word' id='word_1_234' title='bbox 827 2822 963 2877; x_wconf 91' lang='lat' dir='ltr'>nobilius</span> <span class='ocrx_word' id='word_1_235' title='bbox 983 2837 1087 2890; x_wconf 80' lang='lat' dir='ltr'>agene,</span> <span class='ocrx_word' id='word_1_236' title='bbox 1108 2823 1190 2890; x_wconf 90' lang='lat' dir='ltr'>quod</span> 
     </span>
     <span class='ocr_line' id='line_1_29' title="bbox 115 2891 1190 2965; baseline 0.002 -19"><span class='ocrx_word' id='word_1_237' title='bbox 115 2896 212 2947; x_wconf 78' lang='lat' dir='ltr'>vocat</span> <span class='ocrx_word' id='word_1_238' title='bbox 237 2891 429 2947; x_wconf 76' lang='lat' dir='ltr'>intellectum</span> <span class='ocrx_word' id='word_1_239' title='bbox 456 2897 640 2964; x_wconf 64' lang='lat' dir='ltr'>egeatem...</span> <span class='ocrx_word' id='word_1_240' title='bbox 670 2896 744 2950; x_wconf 84' lang='lat' dir='ltr'>lacit</span> <span class='ocrx_word' id='word_1_241' title='bbox 764 2895 985 2965; x_wconf 84' lang='lat' dir='ltr'>phantasmata</span> <span class='ocrx_word' id='word_1_242' title='bbox 1008 2908 1027 2946; x_wconf 91' lang='lat' dir='ltr'>a</span> <span class='ocrx_word' id='word_1_243' title='bbox 1048 2895 1190 2948; x_wconf 90' lang='lat' dir='ltr'>sensibus</span> 
     </span>
     <span class='ocr_line' id='line_1_30' title="bbox 116 2963 1188 3034; baseline 0 -16"><span class='ocrx_word' id='word_1_244' title='bbox 116 2965 248 3032; x_wconf 89' lang='lat' dir='ltr'>accepta</span> <span class='ocrx_word' id='word_1_245' title='bbox 261 2963 475 3031; x_wconf 82' lang='lat' dir='ltr'>intelligibilia</span> <span class='ocrx_word' id='word_1_246' title='bbox 493 2965 525 3018; x_wconf 92' lang='lat' dir='ltr'>in</span> <span class='ocrx_word' id='word_1_247' title='bbox 540 2969 623 3030; x_wconf 87' lang='lat' dir='ltr'>actu,</span> <span class='ocrx_word' id='word_1_248' title='bbox 640 2981 695 3034; x_wconf 92' lang='lat' dir='ltr'>per</span> <span class='ocrx_word' id='word_1_249' title='bbox 709 2967 835 3021; x_wconf 90' lang='lat' dir='ltr'>modum</span> <span class='ocrx_word' id='word_1_250' title='bbox 850 2965 1070 3020; x_wconf 89' lang='lat' dir='ltr'>abstractionis</span> <span class='ocrx_word' id='word_1_251' title='bbox 1086 2965 1188 3032; x_wconf 82' lang='lat' dir='ltr'>cujus-</span> 
     </span>
     <span class='ocr_line' id='line_1_31' title="bbox 116 3035 1191 3106; baseline -0.001 -16"><span class='ocrx_word' id='word_1_252' title='bbox 116 3035 201 3090; x_wconf 89' lang='lat' dir='ltr'>dam.</span> <span class='ocrx_word' id='word_1_253' title='bbox 224 3037 400 3090; x_wconf 83' lang='lat' dir='ltr'>Secundum</span> <span class='ocrx_word' id='word_1_254' title='bbox 425 3037 483 3090; x_wconf 88' lang='lat' dir='ltr'>hoc</span> <span class='ocrx_word' id='word_1_255' title='bbox 506 3050 581 3105; x_wconf 87' lang='lat' dir='ltr'>ergo</span> <span class='ocrx_word' id='word_1_256' title='bbox 603 3051 641 3091; x_wconf 81' lang='lat' dir='ltr'>er</span> <span class='ocrx_word' id='word_1_257' title='bbox 660 3043 749 3106; x_wconf 88' lang='lat' dir='ltr'>parte</span> <span class='ocrx_word' id='word_1_258' title='bbox 773 3036 1028 3106; x_wconf 90' lang='lat' dir='ltr'>phantasmatum</span> <span class='ocrx_word' id='word_1_259' title='bbox 1053 3036 1191 3090; x_wconf 80' lang='lat' dir='ltr'>intellec-</span> 
     </span>
     <span class='ocr_line' id='line_1_32' title="bbox 115 3107 1186 3178; baseline 0 -18"><span class='ocrx_word' id='word_1_260' title='bbox 115 3107 214 3162; x_wconf 91' lang='lat' dir='ltr'>tualis</span> <span class='ocrx_word' id='word_1_261' title='bbox 229 3107 371 3176; x_wconf 90' lang='lat' dir='ltr'>operatio</span> <span class='ocrx_word' id='word_1_262' title='bbox 394 3121 522 3162; x_wconf 85' lang='lat' dir='ltr'>ascusu</span> <span class='ocrx_word' id='word_1_263' title='bbox 543 3113 701 3162; x_wconf 87' lang='lat' dir='ltr'>causatur.</span> <span class='ocrx_word' id='word_1_264' title='bbox 722 3107 779 3162; x_wconf 84' lang='lat' dir='ltr'>Sed</span> <span class='ocrx_word' id='word_1_265' title='bbox 802 3109 875 3175; x_wconf 83' lang='lat' dir='ltr'>quia</span> <span class='ocrx_word' id='word_1_266' title='bbox 890 3107 1111 3178; x_wconf 87' lang='lat' dir='ltr'>phantasmata</span> <span class='ocrx_word' id='word_1_267' title='bbox 1125 3121 1186 3160; x_wconf 88' lang='lat' dir='ltr'>non</span> 
     </span>
     <span class='ocr_line' id='line_1_33' title="bbox 115 3177 1188 3246; baseline -0.001 -13"><span class='ocrx_word' id='word_1_268' title='bbox 115 3177 281 3233; x_wconf 85' lang='lat' dir='ltr'>sufficiunt</span> <span class='ocrx_word' id='word_1_269' title='bbox 295 3177 465 3232; x_wconf 89' lang='lat' dir='ltr'>immutare</span> <span class='ocrx_word' id='word_1_270' title='bbox 480 3178 674 3233; x_wconf 90' lang='lat' dir='ltr'>intellectum</span> <span class='ocrx_word' id='word_1_271' title='bbox 690 3178 878 3246; x_wconf 87' lang='lat' dir='ltr'>possibilem,</span> <span class='ocrx_word' id='word_1_272' title='bbox 895 3179 949 3233; x_wconf 88' lang='lat' dir='ltr'>scd</span> <span class='ocrx_word' id='word_1_273' title='bbox 968 3181 1093 3246; x_wconf 87' lang='lat' dir='ltr'>oportet</span> <span class='ocrx_word' id='word_1_274' title='bbox 1108 3178 1188 3242; x_wconf 82' lang='lat' dir='ltr'>quod</span> 
     </span>
     <span class='ocr_line' id='line_1_34' title="bbox 116 3248 1190 3320; baseline 0 -17"><span class='ocrx_word' id='word_1_275' title='bbox 116 3248 197 3304; x_wconf 85' lang='lat' dir='ltr'>fiant</span> <span class='ocrx_word' id='word_1_276' title='bbox 210 3248 425 3317; x_wconf 85' lang='lat' dir='ltr'>intelligibilia</span> <span class='ocrx_word' id='word_1_277' title='bbox 444 3253 516 3304; x_wconf 90' lang='lat' dir='ltr'>actu</span> <span class='ocrx_word' id='word_1_278' title='bbox 541 3264 597 3320; x_wconf 91' lang='lat' dir='ltr'>per</span> <span class='ocrx_word' id='word_1_279' title='bbox 615 3251 809 3304; x_wconf 88' lang='lat' dir='ltr'>intellectum</span> <span class='ocrx_word' id='word_1_280' title='bbox 830 3252 983 3317; x_wconf 88' lang='lat' dir='ltr'>agentem,</span> <span class='ocrx_word' id='word_1_281' title='bbox 1001 3262 1062 3302; x_wconf 93' lang='lat' dir='ltr'>non</span> <span class='ocrx_word' id='word_1_282' title='bbox 1085 3252 1190 3318; x_wconf 84' lang='lat' dir='ltr'>potest</span> 
     </span>
     <span class='ocr_line' id='line_1_35' title="bbox 117 3318 1189 3390; baseline 0 -16"><span class='ocrx_word' id='word_1_283' title='bbox 117 3319 182 3375; x_wconf 89' lang='lat' dir='ltr'>dici</span> <span class='ocrx_word' id='word_1_284' title='bbox 197 3320 280 3388; x_wconf 85' lang='lat' dir='ltr'>quod</span> <span class='ocrx_word' id='word_1_285' title='bbox 296 3320 452 3375; x_wconf 89' lang='lat' dir='ltr'>sensibilis</span> <span class='ocrx_word' id='word_1_286' title='bbox 468 3321 604 3387; x_wconf 82' lang='lat' dir='ltr'>cognitio</span> <span class='ocrx_word' id='word_1_287' title='bbox 620 3322 662 3375; x_wconf 87' lang='lat' dir='ltr'>sit</span> <span class='ocrx_word' id='word_1_288' title='bbox 675 3321 782 3375; x_wconf 87' lang='lat' dir='ltr'>totalis</span> <span class='ocrx_word' id='word_1_289' title='bbox 796 3323 828 3375; x_wconf 91' lang='lat' dir='ltr'>et</span> <span class='ocrx_word' id='word_1_290' title='bbox 842 3322 982 3390; x_wconf 86' lang='lat' dir='ltr'>perlecta</span> <span class='ocrx_word' id='word_1_291' title='bbox 992 3333 1086 3374; x_wconf 86' lang='lat' dir='ltr'>causa</span> <span class='ocrx_word' id='word_1_292' title='bbox 1099 3318 1189 3374; x_wconf 88' lang='lat' dir='ltr'>intel-</span> 
     </span>
    </p>
   </div>
   <div class='ocr_carea' id='block_1_4' title="bbox 116 3391 1190 3532">
    <p class='ocr_par' dir='ltr' id='par_1_6' title="bbox 116 3391 1190 3532">
     <span class='ocr_line' id='line_1_36' title="bbox 117 3391 1190 3532; baseline -0.001 -87"><span class='ocrx_word' id='word_1_293' title='bbox 117 3391 275 3532; x_wconf 49' lang='lat' dir='ltr'>lectualff)</span> <span class='ocrx_word' id='word_1_294' title='bbox 289 3391 487 3459; x_wconf 86' lang='lat' dir='ltr'>cognitionis,</span> <span class='ocrx_word' id='word_1_295' title='bbox 510 3392 564 3446; x_wconf 88' lang='lat' dir='ltr'>sed</span> <span class='ocrx_word' id='word_1_296' title='bbox 594 3393 694 3461; x_wconf 90' lang='lat' dir='ltr'>magis</span> <span class='ocrx_word' id='word_1_297' title='bbox 720 3391 947 3459; x_wconf 88' lang='lat' dir='ltr'>quodammodo</span> <span class='ocrx_word' id='word_1_298' title='bbox 981 3392 1030 3446; x_wconf 92' lang='lat' dir='ltr'>est</span> <span class='ocrx_word' id='word_1_299' title='bbox 1057 3391 1190 3446; x_wconf 90' lang='lat' dir='ltr'>materia</span> 
     </span>
     <span class='ocr_line' id='line_1_37' title="bbox 116 3476 286 3517; baseline -0.018 0"><span class='ocrx_word' id='word_1_300' title='bbox 116 3476 221 3517; x_wconf 88' lang='lat' dir='ltr'>causae</span> <span class='ocrx_word' id='word_1_301' title='bbox 280 3500 286 3514; x_wconf 93' lang='lat'><em>.</em></span> 
     </span>
    </p>
   </div>
   <div class='ocr_carea' id='block_1_5' title="bbox 123 3586 1190 3746">
    <p class='ocr_par' dir='ltr' id='par_1_7' title="bbox 123 3586 1190 3746">
     <span class='ocr_line' id='line_1_38' title="bbox 158 3586 1190 3656; baseline 0.002 -16"><span class='ocrx_word' id='word_1_302' title='bbox 158 3586 222 3641; x_wconf 88' lang='grc'><strong>939.</strong></span> <span class='ocrx_word' id='word_1_303' title='bbox 241 3586 374 3642; x_wconf 83' lang='lat' dir='ltr'>critica</span> <span class='ocrx_word' id='word_1_304' title='bbox 393 3587 644 3642; x_wconf 82' lang='lat' dir='ltr'>sensiaterum.</span> <span class='ocrx_word' id='word_1_305' title='bbox 661 3617 694 3626; x_wconf 93' lang='lat'><em>-</em></span> <span class='ocrx_word' id='word_1_306' title='bbox 710 3589 798 3642; x_wconf 91' lang='lat' dir='ltr'>Nunc</span> <span class='ocrx_word' id='word_1_307' title='bbox 816 3587 1025 3656; x_wconf 90' lang='lat' dir='ltr'>comparanda</span> <span class='ocrx_word' id='word_1_308' title='bbox 1036 3589 1085 3642; x_wconf 91' lang='lat' dir='ltr'>est</span> <span class='ocrx_word' id='word_1_309' title='bbox 1098 3587 1190 3643; x_wconf 87' lang='lat' dir='ltr'>theo-</span> 
     </span>
     <span class='ocr_line' id='line_1_39' title="bbox 123 3675 1189 3746; baseline -0.003 -14"><span class='ocrx_word' id='word_1_310' title='bbox 123 3677 177 3732; x_wconf 87' lang='lat' dir='ltr'>ria</span> <span class='ocrx_word' id='word_1_311' title='bbox 199 3675 383 3731; x_wconf 90' lang='lat' dir='ltr'>scholastica</span> <span class='ocrx_word' id='word_1_312' title='bbox 403 3677 440 3731; x_wconf 91' lang='lat' dir='ltr'>de</span> <span class='ocrx_word' id='word_1_313' title='bbox 456 3676 577 3745; x_wconf 88' lang='lat' dir='ltr'>origine</span> <span class='ocrx_word' id='word_1_314' title='bbox 603 3676 744 3730; x_wconf 90' lang='lat' dir='ltr'>idearum</span> <span class='ocrx_word' id='word_1_315' title='bbox 776 3690 847 3731; x_wconf 93' lang='lat' dir='ltr'>cum</span> <span class='ocrx_word' id='word_1_316' title='bbox 872 3676 1004 3731; x_wconf 89' lang='lat' dir='ltr'>theoriis</span> <span class='ocrx_word' id='word_1_317' title='bbox 1027 3677 1189 3746; x_wconf 90' lang='lat' dir='ltr'>oppositis.</span> 
     </span>
    </p>
   </div>
   <div class='ocr_carea' id='block_1_6' title="bbox 152 3841 408 3906">
    <p class='ocr_par' dir='ltr' id='par_1_8' title="bbox 152 3841 408 3906">
     <span class='ocr_line' id='line_1_40' title="bbox 152 3841 408 3906; baseline 0 -16"><span class='ocrx_word' id='word_1_318' title='bbox 152 3841 190 3902; x_wconf 78' lang='lat'>(1)</span> <span class='ocrx_word' id='word_1_319' title='bbox 205 3842 243 3902; x_wconf 69' lang='lat'>1²,</span> <span class='ocrx_word' id='word_1_320' title='bbox 258 3857 284 3906; x_wconf 91' lang='lat' dir='ltr'>q.</span> <span class='ocrx_word' id='word_1_321' title='bbox 294 3842 334 3900; x_wconf 82' lang='lat'>84,</span> <span class='ocrx_word' id='word_1_322' title='bbox 349 3859 371 3892; x_wconf 87' lang='lat' dir='ltr'>a.</span> <span class='ocrx_word' id='word_1_323' title='bbox 385 3843 408 3892; x_wconf 88' lang='grc'>6.</span> 
     </span>
    </p>
   </div>
   <div class='ocr_carea' id='block_1_7' title="bbox 0 0 1419 4550">
    <p class='ocr_par' dir='ltr' id='par_1_9' title="bbox 0 0 1419 4550">
     <span class='ocr_line' id='line_1_41' title="bbox 0 0 1419 4550; baseline 0 0"><span class='ocrx_word' id='word_1_324' title='bbox 0 0 1419 4550; x_wconf 95' lang='lat' dir='ltr'> </span> 
     </span>
    </p>
   </div>
  </div>
 </body>
</html>
