2790 4546
252 405 306 466 238
736 419 851 464 urerer

290 529 372 588 1230.
390 529 444 588 De
462 527 605 603 lapibus
617 529 830 600 pennalibus.
847 557 882 572 -
895 533 1007 588 Omnes
1029 529 1113 602 leges
1128 531 1267 603 obligant
1281 533 1310 588 in

251 619 545 686 coeessentialem
570 618 664 676 bomo
690 619 811 689 legibus
838 621 966 678 tenetur
988 622 1144 690 quatenus
1167 621 1259 680 homo
1285 624 1312 680 et

252 709 398 767 dominus
419 709 547 765 actuum
571 721 714 774 suornm,
739 721 775 765 eo
798 708 929 779 prolude
952 709 986 765 in
1010 709 1210 767 conscientie.
1236 709 1312 768 Unde
1381 721 1382 744 l

252 813 314 856 non
329 799 405 855 sunt
418 799 503 868 leges
513 811 593 870 pure
603 796 752 870 poenales.
769 797 826 854 Sed
841 798 958 854 dantur
973 798 1055 867 leges
1071 815 1158 854 mere
1172 797 1311 872 penales,

252 902 321 958 ques
334 887 455 945 scilicet
469 885 608 955 obligent
626 886 823 942 solummodo
837 885 876 944 ad
891 887 1083 942 subeundam
1099 900 1220 960 pennam
1234 889 1260 945 sl
1270 889 1312 958 Ju-

252 978 312 1034 dex
325 977 593 1046 transgressorem
608 974 686 1046 legis
701 975 740 1032 ed
756 974 836 1031 hanc
854 987 975 1046 peenem
991 976 1173 1032 solvendam
1188 978 1311 1034 damne-

250 1063 343 1122 verit.
353 1065 499 1130 Quadam
513 1064 596 1120 enim
608 1063 696 1134 juste
709 1063 918 1135 prohibentur
932 1063 999 1133 lege
1015 1064 1195 1122 humentis
1206 1065 1311 1123 bonum

252 1169 427 1218 commune,
443 1167 511 1223 queo
533 1151 647 1209 natura
671 1152 728 1208 sud
750 1166 813 1208 non
828 1153 903 1209 sunt
916 1152 1017 1216 mele:
1039 1153 1072 1210 et
1093 1153 1219 1211 aliunde
1240 1155 1312 1211 obli·
1382 1151 1383 1194 ἴ

252 1244 337 1312 gatto
351 1243 389 1298 ad
402 1257 523 1314 peanum
536 1241 728 1297 subeundam
745 1240 930 1310 quandoque
944 1242 1087 1298 sufficere
1102 1243 1207 1314 potest
1221 1245 1258 1300 ut
1268 1245 1312 1300 lex

253 1332 347 1388 linem
361 1345 456 1388 snum
470 1330 621 1387 obtineat

290 1473 367 1531 1231.
381 1473 434 1530 De
453 1471 713 1530 consuetudins
737 1477 775 1528 st
792 1472 884 1544 ispe.
904 1502 938 1512 -
957 1474 1047 1530 Modo
1062 1476 1253 1533 consuetudo
1273 1476 1313 1532 le·

158 1559 162 1574 '
251 1578 320 1632 gem
336 1563 486 1635 preeoedlt
499 1563 532 1619 et
545 1562 633 1632 quasi
655 1562 807 1626 institnit,
829 1563 920 1620 modo
946 1561 1152 1632 subsequitur
1169 1567 1203 1622 et
1226 1565 1312 1621 modi·
1383 1615 1384 1638 ,

252 1653 324 1708 ficet
338 1652 497 1708 autetiam
512 1641 624 1707 abolet.
642 1651 772 1722 Optimae
789 1651 873 1721 leges
887 1666 927 1708 ex
942 1666 1001 1708 usu
1015 1653 1082 1708 sive
1097 1655 1313 1711 consuetudine
1383 1639 1384 1660 ¹

251 1742 410 1806 oriuntur,
425 1741 461 1795 ut
481 1742 569 1810 patet
591 1739 724 1796 historie
741 1740 950 1810 populorum
972 1741 1055 1796 unde
1078 1743 1217 1812 antiquae
1239 1744 1312 1812 leges

251 1830 436 1886 dicebantur
449 1828 691 1884 consuetudines
711 1828 905 1899 (coutumes).
922 1829 1055 1885 Aliunde
1070 1829 1121 1885 lex
1144 1832 1227 1889 siout
1248 1846 1312 1888 oon-

252 1919 420 1975 suetudine
453 1916 676 1984 introducitur,
706 1917 752 1973 ite
782 1917 987 1974 desuetudine
1021 1919 1071 1974 vel
1096 1921 1313 1977 consuetudine

251 2007 411 2064 contrarie
426 2005 600 2062 modidoeri
615 2007 672 2062 aut
690 2006 807 2062 aboleri
830 2007 944 2078 potest.
966 2007 1051 2073 Quod
1072 2010 1230 2079 contingit
1246 2009 1313 2065 reoi-
1384 2039 1385 2082 3

251 2098 313 2153 lide
329 2097 355 2153 si
370 2096 507 2168 populus
526 2095 568 2150 sit
582 2094 671 2150 liber.
688 2095 774 2150 Unde
788 2096 983 2152 consuetudo
998 2095 1113 2153 debitis
1122 2099 1238 2154 vestite
1250 2111 1313 2154 con·

253 2186 424 2243 ditionibus
442 2206 455 2235 e
471 2188 502 2240 et
517 2183 611 2240 habet
626 2185 692 2239 vim
708 2184 797 2253 legis,
813 2186 845 2239 et
859 2185 959 2254 legem
973 2185 1086 2251 ebolet,
1105 2188 1138 2242 et
1154 2189 1203 2243 est
1216 2188 1308 2257 legum

251 2274 493 2347 interpretatrix
508 2293 522 2324 e
540 2274 576 2329 ut
591 2273 637 2328 eit
652 2278 681 2328 S.
697 2273 764 2337 rh,
781 2273 834 2343 qui
850 2276 959 2344 postea
973 2275 1101 2332 subdit:

285 2397 464 2462 Multitudo,
481 2397 513 2452 in
528 2396 590 2465 que
603 2397 797 2453 consuetudo
819 2397 1042 2467 introducitur,
1059 2398 1195 2470 duplicis
1211 2401 1309 2457 condi-

250 2471 346 2526 tionis
360 2483 427 2525 esse
447 2470 564 2540 potest.
589 2468 620 2522 Si
642 2469 724 2522 enim
747 2469 790 2523 sit
810 2467 909 2524 libera
931 2471 1199 2538 multitudoque
1221 2473 1309 2542 possit
1385 2517 1386 2542 ἶ

250 2542 309 2597 sibi
320 2541 419 2610 legem
433 2540 545 2602 tacere,
557 2540 627 2609 plus
638 2540 685 2594 est
695 2551 863 2594 consensus
875 2541 972 2596 totius
989 2542 1203 2598 multitudinis
1216 2544 1250 2598 ed
1260 2543 1308 2598 ali-

249 2612 323 2681 quid
340 2611 579 2674 observandum,
601 2611 683 2680 quod
699 2611 890 2666 consuetudo
914 2611 1103 2677 manifestet,
1125 2615 1218 2683 quem
1240 2628 1309 2670 euc-

249 2683 363 2739 toritas
383 2681 548 2752 Principis,
563 2681 616 2750 qui
631 2695 693 2737 non
711 2680 804 2736 habet
822 2682 1009 2751 potestatem
1034 2685 1187 2740 condendi
1205 2686 1307 2754 legem,

250 2755 310 2808 nisi
322 2752 517 2821 inquantum
533 2752 615 2820 gerit
634 2765 799 2822 personam
812 2753 1042 2816 multitudinis;
1061 2756 1143 2810 unde
1166 2756 1236 2812 licet
1248 2757 1309 2812 sin-

251 2825 332 2893 gulee
358 2837 499 2894 personae
521 2837 584 2878 non
607 2823 728 2893 possint
753 2823 885 2878 condere
904 2824 1014 2894 legem,
1038 2828 1145 2882 temen
1163 2828 1246 2883 totus
1262 2840 1307 2897 po-

250 2896 343 2966 pulus
364 2894 496 2950 condere
515 2895 613 2962 legem
640 2895 752 2963 potest.
779 2894 809 2948 Si
830 2897 906 2950 vero
932 2895 1102 2952 multitudo
1124 2911 1188 2954 non
1207 2897 1308 2952 hebeat

249 2966 380 3021 liberem
395 2966 582 3034 potestatem
597 2965 748 3020 condendi
763 2964 823 3020 sibi
837 2964 937 3033 legem
952 2967 1002 3022 vel
1015 2968 1145 3035 legema
1164 2967 1307 3051 superiori

250 3037 405 3106 potestate
419 3036 554 3106 positam
571 3037 763 3100 removendi,
778 3038 884 3092 temen
903 3037 972 3108 ipsa
990 3039 1184 3096 consuetudo
1205 3054 1235 3095 1n
1258 3037 1307 3095 teli

252 3106 454 3163 multitudine
468 3107 642 3176 praevalens
662 3107 782 3163 obtinet
796 3107 861 3162 vim
877 3107 964 3177 legis,
985 3109 1018 3163 in
1033 3111 1186 3179 quantum
1197 3124 1250 3182 per
1260 3123 1307 3166 eos

250 3179 405 3234 toleretur
423 3178 462 3233 ed
477 3191 554 3246 quos
568 3177 711 3303 pertinet
734 3177 931 3234 multitudini
953 3180 1053 3250 legem
1074 3181 1249 3252 imponere;
1271 3193 1307 3235 ex

250 3251 307 3306 hoc
331 3249 414 3305 enim
439 3248 508 3319 ipso
533 3248 565 3303 ri

249 3323 291 3376 du
315 3322 343 3376 it
358 3319 396 3390 (1)
589 3251 682 3305 enm?
704 3249 879 3320 approbare
900 3251 982 3319 quod
1004 3253 1197 3309 consuetudo
1217 3252 1307 3307 intro·

293 3337 314 3376 x
401 3360 408 3373 .

280 3529 317 3590 (l)¹
332 3529 368 3590 1²,
383 3529 431 3587 2⁶⁰,
448 3545 474 3596 q.
489 3529 530 3588 97,
546 3545 569 3580 e.
583 3530 607 3587 3,
621 3530 654 3580 ad
671 3531 694 3580 3.
