2910 4568
351 421 453 464 canor
467 420 539 461 xnv.
558 434 591 446 -
611 416 660 460 no⁸
674 405 738 469 748,
753 403 817 470 749,
834 406 897 470 750,
912 407 975 461 751.
1165 411 1198 464 21

130 549 220 590 mare
237 523 545 604 potneruntamm'm
562 531 716 586 humanas
730 545 797 586 esse
821 531 947 602 angelos
967 533 1070 604 lapsos
1086 535 1117 589 et
1131 547 1200 591 cor·

127 623 262 696 poribus
274 622 408 677 vinctos.
425 621 483 676 Sed
498 633 612 676 revera
624 620 732 678 anima
747 633 809 676 non
824 623 873 678 est
886 621 1011 690 corpori
1023 622 1199 680 accidenta-

127 715 205 769 liter
220 711 319 775 unita,
336 711 408 766 cnm
424 709 467 771 sit
490 708 593 766 forma
616 708 834 766 substantialis
855 711 1010 782 eorporis,
1034 712 1128 780 atquo
1153 713 1199 768 uti

125 803 240 859 debeat
251 800 406 863 sensibus,
427 799 495 854 siva
510 798 662 863 externis,
678 799 745 854 sive
759 797 904 855 internis·
921 799 1007 857 Unda
1022 801 1199 858 intellectus

127 894 288 947 humanus
312 891 361 944 est
387 887 479 944 valde
503 885 719 958 imperfectus
742 888 795 957 qui
820 888 971 958 intelligit
991 889 1201 946 abstrahendo

125 998 145 1037 a
164 977 439 1052 phantasmatibus
458 979 490 1032 et
511 977 635 1033 nonnisi
658 977 874 1033 ratiocinando
897 977 1072 1048 perficitur.

124 1109 126 1114 ’
161 1113 227 1171 751.
243 1113 377 1169 Anima
391 1115 430 1168 et
443 1125 608 1182 persona.
621 1142 655 1150 -
666 1111 710 1166 Ex
725 1111 817 1167 dictis
831 1113 918 1181 patet
933 1113 1029 1168 etiam
1045 1113 1199 1183 quomodo

122 1206 233 1261 anima
248 1217 282 1258 se
297 1201 411 1257 habeat
421 1201 460 1255 ad
478 1214 660 1270 personam.
679 1201 757 1256 Saue
776 1201 882 1256 anima
903 1215 965 1256 non
982 1205 1030 1257 est
1045 1203 1113 1273 ipsa
1131 1215 1200 1273 per-

123 1309 214 1357 sona,
231 1280 338 1363 ipsum
359 1305 422 1362 epo,
443 1287 496 1346 sed
516 1291 641 1344 tantum
667 1303 738 1359 pars
764 1289 947 1361 principalis
973 1289 1053 1359 ejus,
1079 1293 1199 1350 scilicet

122 1381 276 1446 hominis,
293 1381 344 1436 cui
357 1380 416 1436 soii
431 1379 620 1434 tribuuntur
634 1379 772 1448 perfecte
795 1392 901 1435 omnes
923 1381 1120 1449 operationes
1144 1377 1200 1438 hu-

124 1487 238 1536 manae‚
253 1467 402 1542 inprimis
419 1467 618 1539 operationes
633 1468 802 1532 sensitiva,
818 1481 887 1536 quae
902 1484 959 1538 per
973 1484 1092 1538 organa
1106 1485 1199 1527 exer-

120 1563 249 1619 centur.
262 1561 292 1614 Si
312 1559 418 1614 anima
433 1558 517 1612 esset
531 1555 673 1612 absolute
687 1557 756 1628 ipsa
771 1571 914 1625 persona,
930 1557 1032 1627 ipsum
1052 1573 1119 1628 ego,
1137 1575 1209 1634 non,

119 1650 276 1706 uniretur
293 1647 419 1716 corpori
436 1645 496 1702 nisi
512 1649 661 1713 tanquam
680 1646 904 1701 instrumento.
920 1647 977 1701 Sed
1002 1659 1114 1703 revera
1133 1663 1198 1717 corf

122 1755 183 1812 pus
213 1737 394 1807 ingreditur
426 1739 603 1807 personam,
630 1734 763 1790 utinira
797 1735 1014 1806 explicabitur.
1049 1739 1199 1808 Apposita

122 1832 152 1884 S.
170 1829 229 1883 Th.
245 1843 253 1882 :

122 1967 124 1974 ·
159 1934 250 2000 Quod
265 1934 332 1988 haec
350 1933 456 1988 anima
470 1927 514 1988 sit
536 1931 587 1986 hic
603 1931 729 1986 horno...
746 1931 897 1988 sustineri
916 1931 1031 2002 posset,
1056 1935 1081 1988 si
1106 1947 1199 2005 pone·

123 2011 220 2062 retur
235 2005 318 2073 quud
336 2004 450 2058 animas
469 2003 629 2058 sensitivae
644 2003 786 2071 operatio
801 2004 884 2058 esset
903 2003 971 2071 ejus
986 2005 1116 2074 propria
1130 2007 1198 2061 sine

121 2091 282 2148 corpore:
306 2076 380 2144 quia
396 2089 504 2130 omnes
519 2073 716 2144 operationes
740 2088 809 2142 quae
831 2074 1053 2130 attribuuntur
1077 2076 1197 2131 homini

120 2148 334 2204 convenirent
349 2146 407 2200 soli
422 2145 545 2199 animae.
561 2144 640 2200 lllud
655 2147 760 2200 autem
774 2147 822 2200 est
836 2159 1029 2214 unaquaeque
1047 2161 1097 2202 res
1113 2147 1196 2216 quod

120 2219 280 2290 operatur
303 2217 501 2287 operationes
524 2216 610 2270 iliius
631 2215 695 2280 rei;
718 2215 799 2271 unde
822 2216 900 2272 illud
925 2219 974 2271 est
998 2215 1090 2272 homo
1114 2219 1196 2288 quod

8 2297 10 2306 “
119 2292 278 2374 operatur
292 2288 491 2370 operationes
503 2286 651 2368 hominis.
672 2288 1013 2372 Ostensumlestnautem
1028 2289 1110 2372 quari
1125 2301 1196 2372 sen-

9 2505 10 2510 x
117 2363 268 2502 {attii
288 2357 1198 2500 titattattitititttrttttttittcitatitt

117 2503 206 2572 quad
222 2503 317 2557 homo
337 2515 399 2556 non
422 2503 469 2555 est
487 2499 594 2554 anima
617 2501 752 2563 tantum,
774 2500 827 2555 sed
849 2500 966 2569 aliquid
985 2502 1195 2570 compositum

8 2555 10 2622 [
118 2589 160 2630 ex
187 2572 296 2628 animia
319 2574 352 2626 et
374 2585 515 2642 corpore.
540 2571 628 2625 Plato
643 2573 729 2634 vero,
755 2582 873 2640 ponens
896 2571 1014 2627 sentire
1032 2586 1099 2627 esse
1122 2587 1195 2643 pro-

8 2659 9 2674 *
116 2646 229 2716 prium
245 2645 370 2706 animae,
387 2655 504 2712 ponere
526 2641 736 2712 potuitquae
761 2643 854 2697 homo
877 2643 960 2698 esset
983 2643 1088 2697 anima
1105 2648 1195 2699 utens

8 2763 10 2800 :
117 2714 320 2786 corpore(1);

417 2993 419 2998 ,
456 3010 457 3014 ,
546 2953 678 3013 CAPUT
695 2945 779 3013 XLV

499 3117 539 3158 DE
559 3111 676 3158 ANIMAE
685 3115 828 3159 amiclis!

157 3279 228 3330 Jam
252 3275 331 3330 satis
355 3273 482 3343 cognita
499 3274 613 3330 animaa
636 3269 781 3329 humanae
804 3273 927 3336 nature,
949 3271 1039 3327 facile
1053 3271 1195 3326 solvetur

118 3364 257 3433 quaesno
273 3363 311 3418 de
324 3362 448 3432 origine
462 3363 586 3419 animae.
604 3358 681 3419 Hinc
695 3361 794 3418 thesis
809 3371 941 3430 sequens
955 3377 962 3415 :

156 3473 283 3526 Tnnsls.
300 3498 336 3510 -
356 3467 475 3524 Anima
494 3468 638 3524 hamana
660 3484 724 3524 noa
742 3466 917 3542 prweaistit
936 3466 1069 3538 corpori,
1087 3498 1120 3505 -
1141 3483 1195 3520 nec

118 3557 228 3614 oritur
242 3573 281 3612 ean
294 3557 505 3631 perterritant,
522 3557 577 3614 sed
587 3556 753 3631 peractam
769 3555 969 3613 creationem.
986 3586 1020 3596 -
1036 3549 1112 3616 Quas
1127 3571 1197 3609 con-

115 3645 217 3704 clusio
234 3645 375 3701 macime
391 3645 582 3703 adversatur
596 3645 869 3716 transformismo.

154 3831 190 3893 (ι)
208 3832 244 3889 ra,
262 3847 288 3894 q.
307 3831 350 3888 75,
365 3845 389 3878 a.
402 3831 424 3878 4.
