2910 4568
374 363 474 456 carun
493 415 592 455 xnvn.
610 429 642 440 -
662 410 711 453 sos
726 399 789 462 797,
805 401 869 463 798,
885 401 948 454 799.
1161 403 1196 457 47

157 526 250 600 Hesp.
267 557 303 566 —
318 524 440 581 Revera
453 523 616 595 perficitur
627 523 767 593 cognitio
782 523 997 595 potentiarum
1022 540 1079 596 per
1093 526 1195 582 scien·

119 619 200 673 tiam
224 617 326 687 ipsius
341 615 464 670 animae.
487 613 544 670 Sed
566 613 734 684 incipimus
754 627 938 683 cognoscere
962 614 1117 684 potentias
1138 629 1196 687 per

120 708 223 770 actus,
237 705 292 774 qui
309 704 383 759 sunt
399 717 506 759 earum
517 703 667 765 ,ellectum
693 701 804 758 deinde
823 703 1038 773 cognoscimus
1057 704 1194 760 animam

121 793 339 867 persingulas
359 793 427 862 eius
446 791 617 862 potentias;
640 791 777 856 tandem,
794 791 846 846 vit
867 791 1071 857 deductionis,
1088 805 1195 849 omnes

120 883 282 954 potentias
298 885 331 937 et
354 896 461 937 omnes
481 880 677 951 operationes
698 894 805 936 earum
824 895 882 950 per
905 881 1005 952 ipsam
1027 881 1194 938 essentiam

120 974 238 1028 animae
254 971 461 1042 explicamus.

158 1099 224 1152 798.
241 1096 493 1152 Potentiarum
507 1095 594 1150 ordo
615 1097 653 1151 et
671 1093 869 1150 harmonia.
885 1125 918 1134 -
936 1096 1022 1150 Nunc
1037 1096 1197 1152 attendere

121 1188 253 1258 oportet
271 1185 310 1239 ad
332 1184 545 1255 potentiarum
569 1183 722 1247 ordinem,
739 1197 831 1251 quem
854 1183 898 1238 sic
917 1184 1056 1256 explicat
1070 1185 1098 1240 S.
1115 1185 1174 1242 Th.
1190 1202 1197 1239 ε

160 1291 345 1362 Respondeo
370 1290 534 1345 dicendum
556 1289 648 1358 quod,
666 1290 735 1344 crim
759 1290 865 1346 anima
888 1291 930 1346 sit
955 1305 1027 1355 una,
1051 1293 1199 1362 potentiae

122 1367 205 1420 vero
217 1363 337 1433 plures,
354 1361 463 1416 ordine
477 1362 583 1416 autem
605 1361 738 1428 quodam
758 1361 796 1415 ab
823 1375 883 1416 uno
908 1361 940 1415 in
962 1363 1198 1418 multitudinem

121 1435 328 1506 procedatur,
342 1447 466 1488 necesse
485 1435 533 1488 est
547 1433 631 1487 inter
645 1431 801 1502 potentias
825 1433 938 1486 animae
962 1433 1103 1488 ordinem
1120 1448 1198 1489 esse.

124 1506 257 1574 Triplex
272 1509 377 1559 autern
393 1503 468 1558 ordo
484 1503 568 1557 inter
582 1517 633 1558 eas
647 1503 838 1568 attenditur;
859 1518 993 1572 quorum
1012 1504 1074 1559 duo
1093 1505 1200 1560 consi·

124 1578 283 1633 derantur
297 1575 467 1630 secundum
483 1575 720 1644 dependentiam
745 1574 838 1628 nnius
863 1575 1011 1644 potentiva
1035 1575 1073 1630 ab
1088 1576 1198 1642 altera,

123 1649 246 1704 tertius
269 1648 374 1701 autem
395 1645 549 1714 accipitur
567 1646 738 1700 secundum
755 1645 896 1700 ordinem
913 1645 1119 1713 objectorum.
1142 1647 1200 1702 De·

126 1718 301 1791 pendentia
324 1718 428 1772 autem
454 1717 547 1771 unius
568 1716 717 1784 potentiae
732 1715 770 1770 ab
791 1716 891 1771 altera
912 1716 1081 1786 dupliciter
1102 1719 1199 1789 accipi

126 1792 255 1862 potest:
271 1801 334 1842 uno
354 1788 444 1842 modo
460 1787 630 1842 secundum
646 1789 767 1842 naturae
783 1787 936 1850 ordinem,
953 1791 1048 1857 prout
1063 1789 1202 1858 perfecta

128 1864 209 1917 sunt
223 1859 412 1914 naturaliter
426 1858 619 1928 imperfectis
633 1859 754 1928 priora;
776 1858 837 1913 alio
855 1858 945 1913 modo
965 1861 1134 1914 seeundum
1150 1875 1201 1915 or·

128 1933 238 1988 dinem
255 1929 466 1999 generationis
481 1931 513 1984 et
527 1930 690 2000 temporis,
706 1929 799 1998 prout
812 1943 852 1984 ex
874 1929 1057 2000 imperfecto
1076 1931 1114 1985 ad
1130 1946 1201 2001 per-

128 2005 252 2059 fectum
268 2001 408 2056 venitur.
425 2000 598 2054 Secundum
611 2000 710 2067 igitur
723 2001 860 2069 primurn
881 2001 1095 2070 potentiarum
1116 2003 1202 2057 ordi-

128 2089 218 2134 nem,
234 2072 383 2142 potentiae
404 2071 602 2126 intellectivae
625 2073 699 2126 sunt
714 2071 834 2139 priores
858 2073 1006 2141 potentiis
1022 2073 1201 2138 sensitivis;

128 2146 217 2200 unde
233 2143 375 2211 dirigunt
389 2155 440 2196 eas
460 2146 491 2196 et
504 2143 662 2211 imperant
674 2143 738 2204 eis3
755 2143 786 2196 et
804 2142 951 2197 similiter
965 2144 1113 2212 potentiae
1129 2158 1204 2198 sen-

127 2216 239 2272 sitivae
267 2215 324 2268 hoc
348 2214 456 2268 ordine
479 2215 554 2269 sunt
576 2214 697 2282 priores
719 2213 867 2281 potentiis
892 2215 1003 2268 animae
1028 2215 1200 2270 nutritivae.

126 2286 309 2342 Secundum
335 2287 410 2338 vero
432 2284 572 2338 ordinem
600 2284 780 2346 secundum,
806 2285 996 2339 econverso
1024 2300 1056 2339 se
1089 2285 1201 2346 habet:

127 2372 207 2413 nam
223 2356 372 2426 potentiae
386 2355 498 2409 animae
518 2356 680 2410 nutritivae
705 2357 778 2410 sunt
800 2355 922 2424 priores
937 2356 970 2408 in
995 2355 1047 2410 vid
1070 2369 1201 2424 genera-

127 2428 231 2484 tionis
251 2426 397 2498 potentiis
421 2427 533 2481 animae
558 2427 735 2491 sensitivae;
762 2426 842 2480 unde
867 2425 905 2480 ad
927 2441 1036 2481 earum
1063 2427 1201 2482 actiones

128 2498 314 2570 praeparant
328 2511 458 2565 corpus3
477 2502 509 2552 et
519 2497 666 2552 similiter
680 2498 728 2552 est
741 2497 777 2551 de
795 2497 942 2566 potentiis
962 2497 1120 2552 sensitivis
1136 2512 1202 2552 res-

129 2572 226 2641 pectu
254 2568 533 2626 intellectivarum.
560 2568 733 2623 Secundum
759 2571 864 2622 autem
895 2569 1036 2623 ordinem
1058 2569 1201 2632 tertium,

128 2642 323 2698 ordinantur
334 2640 474 2706 quaedam
486 2640 569 2694 vires
586 2639 744 2694 sensitivae
759 2639 798 2694 ad
813 2639 958 2702 invicem,
971 2640 1089 2695 scilicet
1104 2641 1203 2704 visus,

128 2713 263 2768 auditus
279 2715 311 2764 et
325 2711 477 2774 ollactus;
501 2725 573 2764 nam
589 2711 712 2765 visibile
730 2711 778 2765 est
799 2711 887 2780 prius
909 2713 1108 2774 naturaliter,
1132 2712 1205 2779 quia

129 2786 182 2839 est
197 2795 362 2836 commune
381 2781 596 2852 superioribus
616 2783 648 2836 et
666 2781 869 2836 inferioribus
887 2783 1090 2850 corporibus3
1109 2796 1204 2838 sonus

130 2855 242 2910 autem
257 2851 403 2906 audibilis
419 2853 455 2906 iit
470 2854 502 2906 in
517 2866 598 2914 aene,
615 2853 667 2920 qui
688 2855 735 2906 est
750 2852 938 2907 naturaliter
952 2854 1039 2923 prior
1054 2855 1204 2908 commix-

131 2927 221 2982 tione
241 2924 478 2986 elementorum‚
492 2938 585 2991 quam
601 2925 802 2991 consequitur
817 2923 899 2980 odor¹
911 2925 959 2993 (1).

170 3049 236 3102 799.
254 3047 430 3103 Potentiae
442 3047 564 3103 fluunt
579 3049 626 3103 ab
641 3049 801 3104 essentia
812 3050 942 3104 animae
957 3047 1047 3104 etin
1062 3050 1104 3104 66
1122 3049 1206 3104 reei-

130 3139 299 3208 piantur.
317 3167 351 3176 —
366 3139 441 3190 Nam
458 3137 617 3207 potentiae,
632 3137 702 3192 oiim
713 3137 777 3191 sint
787 3136 896 3192 formae
911 3137 1127 3198 accidentales,
1139 3152 1206 3192 esse

133 3225 254 3280 habent
276 3225 314 3278 ab
334 3225 449 3289 anima,
467 3239 535 3292 quae
555 3227 602 3280 est
627 3226 818 3290 substantia;
836 3226 917 3280 unde
933 3225 970 3280 ab
985 3225 1090 3279 anima
1108 3225 1206 3281 fluere

130 3315 368 3384 concipiuntur.
394 3315 459 3367 Non
480 3315 562 3381 quod
580 3314 644 3370 sint
665 3315 702 3368 ab
726 3314 831 3370 animia
854 3315 1025 3384 productae,
1051 3314 1204 3382 siquidem

130 3403 241 3458 anima
257 3416 320 3456 non
339 3402 443 3470 potest
458 3417 524 3458 esse
547 3403 614 3458 sine
629 3404 779 3473 potentiis
795 3416 893 3470 neque
913 3404 1018 3472 potest
1038 3417 1130 3471 agere
1145 3403 1206 3458 nisi

129 3507 189 3562 per
203 3505 271 3546 eae.
292 3490 349 3544 Sed
364 3491 513 3560 potentiae
533 3489 639 3546 fluunt
657 3491 695 3546 ab
719 3491 824 3546 anima
843 3494 993 3558 tanquam
1015 3506 1032 3544 a
1051 3491 1207 3562 principio

128 3584 162 3638 et
179 3579 384 3649 recipiuntur
399 3579 431 3633 in
451 3579 555 3635 anima
569 3582 717 3648 tanquam
733 3581 766 3635 in
781 3580 937 3649 subjecto;
955 3579 1058 3634 fiuunt
1082 3579 1208 3647 quidem

128 3670 169 3724 ab
185 3667 305 3731 anima,
333 3669 487 3734 quatenus
513 3669 619 3722 anima
634 3669 682 3724 est
701 3671 773 3724 actu
798 3670 829 3725 et
852 3668 944 3724 habet
958 3669 1095 3737 primum
1121 3683 1205 3732 esse;

162 3827 197 3891 (l)
210 3827 248 3885 la,
263 3842 289 3890 q.
300 3824 342 3884 Ἴ,
358 3841 382 3876 a.
398 3825 422 3873 4.
437 3852 468 3861 —
483 3826 520 3876 Ol.
538 3827 619 3876 etiam
630 3843 656 3891 q.
671 3827 711 3885 78,
725 3843 748 3876 a.
764 3828 786 3884 l,
800 3829 829 3876 in
846 3842 920 3891 corp.
936 3833 988 3875 art.
