2828 4550
322 399 423 442 curor
442 400 529 442 nvm.
546 415 580 428 -
595 397 641 442 1s0⁸
655 387 718 453 983,
735 389 799 452 984,
816 389 878 453 985,
894 388 960 444 986.
1130 388 1181 442 127

103 507 289 566 arbitrium.
304 511 385 572 vHuic
404 511 552 572 varietati
574 512 753 568 animorum
769 515 801 569 et
825 528 947 570 morum
973 513 1177 570 observandae

103 599 139 653 et
152 598 375 655 describendae
388 599 542 656 incumbit
559 602 762 671 psychologia
774 602 1030 673 experimentalis
1054 615 1175 658 necnon

106 687 241 744 moralis
260 689 407 759 practica.

142 813 210 868 984.
236 813 289 869 De
311 813 525 871 habitibus:
546 830 670 872 eorum
688 820 832 883 natura,
852 771 1052 872 necessitas
1072 817 1120 888 (l).
1141 845 1177 860 —

107 902 196 957 luter
211 903 378 971 qualitates
401 904 563 960 hominum
579 905 719 961 eminent
735 903 860 960 habitus
881 907 1007 976 proprie
1022 905 1108 970 dieti,
1125 907 1179 975 qui

106 991 323 1048 scilieetsunt
347 992 525 1049 hominibus
552 993 673 1065 proprii
702 995 734 1050 et
762 993 983 1050 definiuntur:
1011 994 1179 1063 qualitates

106 1079 229 1136 nature
243 1080 301 1136 sud
313 1079 439 1137 stabiles
454 1081 566 1150 quibus
582 1081 759 1152 disponitur
773 1082 950 1152 subjectum
966 1084 1120 1140 rationale
1140 1085 1179 1140 ed

106 1168 239 1224 facilius
260 1171 291 1224 et
306 1169 474 1238 perfectius
489 1172 695 1241 operandum.

146 1257 282 1312 Habitus
296 1259 424 1328 proprie
439 1258 514 1314 dicti
529 1261 604 1315 suut
627 1260 805 1315 hominibus
829 1260 969 1331 proprii;
996 1276 1067 1316 nam
1093 1263 1180 1318 solus

105 1347 207 1402 homo
223 1346 306 1402 inter
320 1347 468 1402 animalia
487 1347 585 1403 libero
600 1349 732 1404 arbitrio
749 1347 878 1414 fruitur,
895 1361 956 1418 quo
971 1349 1182 1408 determinan-

105 1438 168 1492 tur
181 1435 252 1504 ejus
268 1436 426 1504 potentiae,
442 1435 508 1492 sive
520 1437 730 1503 intellectiva,
742 1438 809 1494 sive
824 1437 994 1504 sensitiva,
1006 1439 1045 1494 ad
1061 1439 1178 1496 bonum

106 1524 162 1581 vel
177 1525 315 1589 malum;
332 1524 446 1580 natura
468 1527 573 1582 autem
589 1527 818 1582 determinetur
833 1527 872 1582 ad
888 1541 997 1582 unum.
1016 1528 1101 1584 Unde
1124 1544 1181 1600 po-

106 1613 223 1670 tentiae
247 1613 431 1668 animalium
456 1628 517 1670 non
536 1615 664 1685 proprie
687 1615 812 1670 habitus
833 1616 1020 1686 suscipiunt.
1043 1618 1088 1673 Ad
1112 1632 1180 1674 rem

106 1703 140 1758 S.
159 1701 238 1756 Th.:

149 1801 242 1856 Vires
258 1802 416 1858 sensitivee
430 1802 599 1872 dupliciter
621 1805 754 1874 possunt
773 1804 988 1860 considerari:
1006 1817 1068 1860 uno
1091 1805 1182 1862 modo

111 1873 289 1929 secundum
309 1873 391 1941 quod
414 1875 586 1945 operantur
608 1889 648 1930 ex
669 1876 821 1930 instinctu
843 1875 983 1941 naturae;
1006 1875 1069 1930 alio
1092 1876 1183 1932 modo

110 1945 289 2001 secundum
315 1945 396 2013 quod
419 1947 592 2016 operantur
616 1961 656 2001 ex
679 1945 813 2017 imperio
837 1947 979 2001 rationis.
1007 1947 1183 2002 Secundum

111 2016 218 2086 igitur
232 2016 315 2084 quod
330 2018 502 2087 operantur
516 2029 556 2072 ex
571 2017 722 2072 instinctu
739 2018 870 2081 naturae,
882 2017 927 2072 sic
942 2017 1131 2072 ordinantur
1144 2019 1183 2074 ad

113 2101 228 2151 unum,
244 2087 327 2142 siout
340 2089 373 2142 et
387 2089 514 2150 natura:
526 2092 558 2142 et
572 2087 652 2152 ideo,
666 2089 748 2144 sicut
762 2089 795 2143 in
810 2089 959 2158 potentiis
972 2088 1183 2154 naturalibus,

111 2171 178 2213 non
195 2162 272 2212 sunt
286 2159 384 2226 aliqui
405 2159 537 2223 habitus,
553 2159 598 2214 ita
612 2161 707 2214 etiam
723 2173 785 2214 non
806 2159 839 2214 in
859 2160 1006 2227 potentiis
1022 2161 1182 2215 sensitivis

111 2228 290 2284 secundum
314 2229 395 2296 quod
417 2245 457 2284 ex
484 2229 634 2286 instinctu
658 2231 779 2285 naturae
803 2231 1181 2300 operantur.secundi1m

111 2302 191 2354 vero
208 2299 290 2367 quod
305 2303 476 2369 operantur
487 2315 526 2356 ex
540 2302 673 2372 imperio
688 2301 830 2364 rationis,
848 2301 892 2356 sic
906 2302 944 2356 ad
960 2301 1084 2356 diversa
1100 2302 1182 2358 ordi·

112 2370 185 2426 nari
200 2374 351 2440 possunt;
365 2373 397 2426 et
411 2371 456 2427 sic
471 2377 603 2441 possunt
613 2373 644 2426 in
659 2373 704 2428 eis
724 2386 791 2427 esse
805 2371 901 2440 aliqui
917 2371 1052 2435 habitus,
1068 2373 1181 2441 quibus

113 2441 192 2496 bene
206 2445 264 2496 aut
282 2443 360 2498 male
373 2443 412 2498 ad
427 2443 545 2511 aliquid
561 2443 772 2514 disponuntur
787 2443 837 2515 (2).

149 2549 197 2602 Ex
217 2547 266 2602 liis
280 2550 367 2618 patet
381 2549 508 2604 habitus
524 2563 591 2604 esse
604 2549 723 2605 homini
738 2549 940 2612 necessarios,
956 2550 1031 2618 quia
1044 2548 1113 2617 elus
1129 2563 1183 2618 po·

112 2636 225 2692 tentiae
248 2638 323 2693 sunt
344 2637 467 2694 nature
483 2637 540 2693 sud
560 2638 811 2693 indeterminatae
828 2638 867 2692 ad
888 2637 1044 2707 objectum
1069 2651 1181 2702 suum;

112 2725 199 2780 unde
215 2728 341 2796 oportet
355 2729 392 2783 ut
409 2727 567 2782 habitibus
587 2727 837 2782 determinentur
860 2727 892 2783 et
914 2725 1118 2796 perficiantur
1142 2725 1183 2796 (v.

114 2827 147 2869 n.
162 2815 230 2880 501,
247 2816 321 2884 502).

150 2931 218 2985 985.
236 2929 395 2987 Habitus
408 2935 466 2988 est
479 2931 637 2988 secunda
652 2935 795 2986 natura.
812 2961 846 2970 -
861 2928 992 2985 Habitus
1008 2931 1108 3000 igitur
1123 2944 1184 2986 non

112 3019 377 3076 inconvenienter
391 3020 509 3078 dicitur
522 3019 659 3075 secundo
673 3022 803 3075 natura.
821 3022 896 3074 Nam
912 3021 1057 3075 naturam
1073 3020 1106 3076 et
1125 3034 1186 3090 po·

114 3107 253 3164 tentiam
278 3109 467 3166 determinat
480 3112 573 3178 atque
592 3109 655 3165 una
669 3123 740 3164 oum
760 3109 805 3164 eis
820 3111 868 3164 est
882 3109 1073 3178 operationis
1088 3108 1182 3178 prin-

112 3197 249 3268 cipium.
266 3198 323 3252 Sed
336 3213 447 3254 revera
464 3199 673 3268 distinguitur
691 3199 760 3254 tum
780 3213 799 3252 a
812 3197 927 3254 nature
948 3199 1016 3253 tum
1036 3211 1054 3251 a
1072 3197 1186 3267 poten-

113 3285 171 3350 tia,
191 3286 282 3355 cujus
298 3288 345 3342 est
360 3288 526 3358 perfectio.

148 3411 219 3466 986.
249 3409 406 3466 Habitus
427 3417 465 3466 et
482 3415 597 3467 actus.
615 3443 649 3453 -
673 3413 749 3468 item
772 3409 896 3466 habitus
922 3410 1051 3466 realiter
1074 3408 1188 3464 distin-

109 3500 226 3569 guitur
241 3498 278 3554 ab
293 3499 424 3564 actibus,
437 3514 571 3570 quorum
584 3502 632 3556 est
643 3501 834 3573 principium
849 3498 1077 3556 immediatum.
1089 3498 1184 3554 Sectis

108 3589 199 3644 enim
214 3588 267 3643 vir
279 3588 400 3654 doctus,
413 3603 463 3644 ex.
482 3602 541 3659 gr„
554 3588 621 3658 jam
636 3603 698 3646 non
708 3590 850 3646 differret
865 3589 994 3645 realiter
1009 3587 1046 3642 ab
1062 3586 1188 3655 ignare,

142 3745 182 3810 (1)
197 3745 241 3797 Gi.
258 3747 283 3798 S.
303 3747 353 3797 Th.
372 3747 409 3808 1⁸,
423 3747 472 3809 2⁰,
485 3761 513 3813 q.
526 3746 558 3797 49
572 3752 599 3797 et
609 3761 665 3813 seq,

146 3809 184 3871 (2)
199 3809 239 3868 1⁸,
255 3809 303 3870 2⁰,
315 3824 341 3876 q,
351 3808 392 3871 59,
405 3825 430 3861 a.
441 3809 467 3861 3.
480 3835 511 3848 -
526 3809 565 3860 Gt.
578 3810 659 3860 otiam
675 3823 706 3860 ea
719 3823 781 3874 qua
796 3807 868 3858 dicta
884 3814 950 3859 sunt
964 3823 991 3857 n.
1004 3807 1061 3858 500.
