<?xml version="1.0" encoding="UTF-8"?>
<!DOCTYPE html PUBLIC "-//W3C//DTD XHTML 1.0 Transitional//EN"
    "http://www.w3.org/TR/xhtml1/DTD/xhtml1-transitional.dtd">
<html xmlns="http://www.w3.org/1999/xhtml" xml:lang="en" lang="en">
 <head>
  <title>
</title>
<meta http-equiv="Content-Type" content="text/html;charset=utf-8" />
  <meta name='ocr-system' content='tesseract 3.04.00' />
  <meta name='ocr-capabilities' content='ocr_page ocr_carea ocr_par ocr_line ocrx_word'/>
</head>
<body>
  <div class='ocr_page' id='page_1' title='image "./manualephilosop00blangoog_0100.png"; bbox 0 0 2828 4550; ppageno 0'>
   <div class='ocr_carea' id='block_1_1' title="bbox 455 396 1216 461">
    <p class='ocr_par' dir='ltr' id='par_1_1' title="bbox 455 396 1216 461">
     <span class='ocr_line' id='line_1_1' title="bbox 455 396 1216 461; baseline -0.003 -7"><span class='ocrx_word' id='word_1_1' title='bbox 455 413 554 454; x_wconf 77' lang='lat' dir='ltr'><strong>carur</strong></span> <span class='ocrx_word' id='word_1_2' title='bbox 568 413 632 454; x_wconf 80' lang='lat' dir='ltr'><strong>niv.</strong></span> <span class='ocrx_word' id='word_1_3' title='bbox 650 428 683 440; x_wconf 93' lang='lat'>-</span> <span class='ocrx_word' id='word_1_4' title='bbox 698 406 744 453; x_wconf 67' lang='grc' dir='ltr'><strong>11οῦ</strong></span> <span class='ocrx_word' id='word_1_5' title='bbox 760 398 823 461; x_wconf 90' lang='grc'>918,</span> <span class='ocrx_word' id='word_1_6' title='bbox 839 399 902 453; x_wconf 89' lang='grc'>919.</span> <span class='ocrx_word' id='word_1_7' title='bbox 1180 396 1216 452; x_wconf 91' lang='grc'><strong>99</strong></span> 
     </span>
    </p>
   </div>
   <div class='ocr_carea' id='block_1_2' title="bbox 136 522 1215 771">
    <p class='ocr_par' dir='ltr' id='par_1_2' title="bbox 136 522 1215 771">
     <span class='ocr_line' id='line_1_2' title="bbox 136 522 1215 596; baseline -0.002 -16"><span class='ocrx_word' id='word_1_8' title='bbox 136 526 266 581; x_wconf 92' lang='lat' dir='ltr'><strong>arbitrii</strong></span> <span class='ocrx_word' id='word_1_9' title='bbox 281 540 322 580; x_wconf 89' lang='lat' dir='ltr'><strong>ex</strong></span> <span class='ocrx_word' id='word_1_10' title='bbox 337 525 397 580; x_wconf 94' lang='lat' dir='ltr'><strong>hoc</strong></span> <span class='ocrx_word' id='word_1_11' title='bbox 411 525 479 592; x_wconf 92' lang='lat' dir='ltr'><strong>ipso</strong></span> <span class='ocrx_word' id='word_1_12' title='bbox 493 523 574 592; x_wconf 85' lang='lat' dir='ltr'><strong>quod</strong></span> <span class='ocrx_word' id='word_1_13' title='bbox 590 523 754 579; x_wconf 89' lang='lat' dir='ltr'><strong>rationalis</strong></span> <span class='ocrx_word' id='word_1_14' title='bbox 766 525 838 578; x_wconf 78' lang='lat' dir='ltr'><strong>est»</strong></span> <span class='ocrx_word' id='word_1_15' title='bbox 856 522 904 592; x_wconf 79' lang='grc'>(11,</span> <span class='ocrx_word' id='word_1_16' title='bbox 920 525 952 579; x_wconf 90' lang='lat' dir='ltr'><strong>et</strong></span> <span class='ocrx_word' id='word_1_17' title='bbox 967 522 1041 577; x_wconf 90' lang='lat' dir='ltr'><strong>alibi</strong></span> <span class='ocrx_word' id='word_1_18' title='bbox 1056 539 1063 576; x_wconf 88' lang='lat'>:</span> <span class='ocrx_word' id='word_1_19' title='bbox 1081 522 1215 596; x_wconf 75' lang='lat' dir='ltr'><strong>«Totius</strong></span> 
     </span>
     <span class='ocr_line' id='line_1_3' title="bbox 137 611 1214 693; baseline -0.004 -23"><span class='ocrx_word' id='word_1_20' title='bbox 137 615 297 671; x_wconf 79' lang='lat' dir='ltr'>libertatis</span> <span class='ocrx_word' id='word_1_21' title='bbox 311 614 414 669; x_wconf 88' lang='lat' dir='ltr'><strong>&#39;radix</strong></span> <span class='ocrx_word' id='word_1_22' title='bbox 436 617 483 668; x_wconf 90' lang='lat' dir='ltr'><strong>est</strong></span> <span class='ocrx_word' id='word_1_23' title='bbox 506 613 539 667; x_wconf 92' lang='lat' dir='ltr'><strong>in</strong></span> <span class='ocrx_word' id='word_1_24' title='bbox 554 612 685 693; x_wconf 92' lang='lat' dir='ltr'><strong>ratione</strong></span> <span class='ocrx_word' id='word_1_25' title='bbox 705 611 904 668; x_wconf 80' lang='lat' dir='ltr'><strong>constituta»</strong></span> <span class='ocrx_word' id='word_1_26' title='bbox 922 611 970 682; x_wconf 81' lang='lat'><strong>(2).</strong></span> <span class='ocrx_word' id='word_1_27' title='bbox 988 643 1022 651; x_wconf 95' lang='lat'><em>-</em></span> <span class='ocrx_word' id='word_1_28' title='bbox 1039 631 1050 661; x_wconf 79' lang='grc' dir='ltr'><strong><em>ι</em></strong></span> <span class='ocrx_word' id='word_1_29' title='bbox 1068 611 1214 667; x_wconf 86' lang='lat' dir='ltr'><strong>Liberum</strong></span> 
     </span>
     <span class='ocr_line' id='line_1_4' title="bbox 137 699 1167 771; baseline -0.003 -11"><span class='ocrx_word' id='word_1_30' title='bbox 137 705 311 761; x_wconf 79' lang='lat' dir='ltr'><strong>arbitrium</strong></span> <span class='ocrx_word' id='word_1_31' title='bbox 331 718 399 758; x_wconf 89' lang='lat' dir='ltr'><strong>esse</strong></span> <span class='ocrx_word' id='word_1_32' title='bbox 419 703 535 758; x_wconf 90' lang='lat' dir='ltr'><strong>dicitur</strong></span> <span class='ocrx_word' id='word_1_33' title='bbox 554 702 686 758; x_wconf 79' lang='lat' dir='ltr'><strong>facultas</strong></span> <span class='ocrx_word' id='word_1_34' title='bbox 701 701 873 758; x_wconf 89' lang='lat' dir='ltr'><strong>voluntatis</strong></span> <span class='ocrx_word' id='word_1_35' title='bbox 888 703 919 757; x_wconf 89' lang='lat' dir='ltr'><strong>et</strong></span> <span class='ocrx_word' id='word_1_36' title='bbox 935 701 1069 757; x_wconf 89' lang='lat' dir='ltr'><strong>rationis</strong></span> <span class='ocrx_word' id='word_1_37' title='bbox 1087 721 1099 750; x_wconf 78' lang='grc'><strong>1</strong></span> <span class='ocrx_word' id='word_1_38' title='bbox 1116 699 1167 771; x_wconf 89' lang='grc'><strong>(3).</strong></span> 
     </span>
    </p>
   </div>
   <div class='ocr_carea' id='block_1_3' title="bbox 137 825 1216 1344">
    <p class='ocr_par' dir='ltr' id='par_1_3' title="bbox 137 825 1216 1344">
     <span class='ocr_line' id='line_1_5' title="bbox 177 825 1216 898; baseline -0.002 -14"><span class='ocrx_word' id='word_1_39' title='bbox 177 831 241 884; x_wconf 89' lang='grc'>919.</span> <span class='ocrx_word' id='word_1_40' title='bbox 259 828 472 898; x_wconf 70' lang='lat' dir='ltr'><strong>Argumenti</strong></span> <span class='ocrx_word' id='word_1_41' title='bbox 492 826 734 898; x_wconf 84' lang='lat' dir='ltr'><strong>metaphysicl</strong></span> <span class='ocrx_word' id='word_1_42' title='bbox 756 826 908 882; x_wconf 86' lang='lat' dir='ltr'><strong>critica:</strong></span> <span class='ocrx_word' id='word_1_43' title='bbox 930 825 1084 882; x_wconf 83' lang='lat' dir='ltr'><strong>rationis</strong></span> <span class='ocrx_word' id='word_1_44' title='bbox 1102 830 1140 881; x_wconf 83' lang='lat' dir='ltr'><strong>et</strong></span> <span class='ocrx_word' id='word_1_45' title='bbox 1152 841 1216 882; x_wconf 84' lang='lat' dir='ltr'><strong>vo-</strong></span> 
     </span>
     <span class='ocr_line' id='line_1_6' title="bbox 137 915 1216 985; baseline -0.006 -10"><span class='ocrx_word' id='word_1_46' title='bbox 137 919 300 976; x_wconf 85' lang='lat' dir='ltr'><strong>luntatis</strong></span> <span class='ocrx_word' id='word_1_47' title='bbox 312 917 535 973; x_wconf 83' lang='lat' dir='ltr'><strong>flexibilitas.</strong></span> <span class='ocrx_word' id='word_1_48' title='bbox 552 915 659 971; x_wconf 88' lang='lat' dir='ltr'><strong>—Sed</strong></span> <span class='ocrx_word' id='word_1_49' title='bbox 676 916 759 971; x_wconf 89' lang='lat' dir='ltr'><strong>ultra</strong></span> <span class='ocrx_word' id='word_1_50' title='bbox 772 915 1001 985; x_wconf 83' lang='lat' dir='ltr'><strong>progrediendo</strong></span> <span class='ocrx_word' id='word_1_51' title='bbox 1020 916 1191 984; x_wconf 76' lang='lat' dir='ltr'><strong>quaerimus</strong></span> <span class='ocrx_word' id='word_1_52' title='bbox 1209 933 1216 969; x_wconf 92' lang='lat'>:</span> 
     </span>
     <span class='ocr_line' id='line_1_7' title="bbox 139 1003 1216 1073; baseline -0.002 -11"><span class='ocrx_word' id='word_1_53' title='bbox 139 1008 255 1062; x_wconf 82' lang='lat' dir='ltr'><strong>Utriim</strong></span> <span class='ocrx_word' id='word_1_54' title='bbox 271 1007 401 1062; x_wconf 86' lang='lat' dir='ltr'><strong>libertas</strong></span> <span class='ocrx_word' id='word_1_55' title='bbox 421 1006 558 1060; x_wconf 92' lang='lat' dir='ltr'><strong>hominis</strong></span> <span class='ocrx_word' id='word_1_56' title='bbox 582 1006 623 1060; x_wconf 89' lang='lat' dir='ltr'><strong>sit</strong></span> <span class='ocrx_word' id='word_1_57' title='bbox 646 1004 897 1060; x_wconf 91' lang='lat' dir='ltr'><strong>demonstrabilis</strong></span> <span class='ocrx_word' id='word_1_58' title='bbox 912 1019 951 1060; x_wconf 84' lang='lat' dir='ltr'><strong>ex</strong></span> <span class='ocrx_word' id='word_1_59' title='bbox 972 1003 1030 1060; x_wconf 93' lang='lat' dir='ltr'><strong>hoc</strong></span> <span class='ocrx_word' id='word_1_60' title='bbox 1049 1004 1115 1060; x_wconf 93' lang='lat' dir='ltr'><strong>solo</strong></span> <span class='ocrx_word' id='word_1_61' title='bbox 1134 1005 1216 1073; x_wconf 87' lang='lat' dir='ltr'><strong>quod</strong></span> 
     </span>
     <span class='ocr_line' id='line_1_8' title="bbox 140 1089 1216 1164; baseline -0.004 -12"><span class='ocrx_word' id='word_1_62' title='bbox 140 1097 239 1152; x_wconf 93' lang='lat' dir='ltr'><strong>homo</strong></span> <span class='ocrx_word' id='word_1_63' title='bbox 260 1095 412 1164; x_wconf 82' lang='lat' dir='ltr'><strong>intelligit</strong></span> <span class='ocrx_word' id='word_1_64' title='bbox 426 1097 457 1150; x_wconf 87' lang='lat' dir='ltr'><strong>et</strong></span> <span class='ocrx_word' id='word_1_65' title='bbox 472 1089 697 1149; x_wconf 67' lang='lat' dir='ltr'><strong>ratiocinatur?</strong></span> <span class='ocrx_word' id='word_1_66' title='bbox 712 1093 790 1148; x_wconf 85' lang='lat' dir='ltr'><strong>Aliis</strong></span> <span class='ocrx_word' id='word_1_67' title='bbox 806 1093 911 1148; x_wconf 86' lang='lat' dir='ltr'><strong>verbis</strong></span> <span class='ocrx_word' id='word_1_68' title='bbox 928 1109 935 1146; x_wconf 76' lang='grc' dir='ltr'><strong><em>ε</em></strong></span> <span class='ocrx_word' id='word_1_69' title='bbox 953 1095 1065 1148; x_wconf 84' lang='lat' dir='ltr'><strong>Utrum</strong></span> <span class='ocrx_word' id='word_1_70' title='bbox 1081 1093 1216 1150; x_wconf 91' lang='lat' dir='ltr'><strong>liberum</strong></span> 
     </span>
     <span class='ocr_line' id='line_1_9' title="bbox 138 1183 1216 1251; baseline -0.002 -11"><span class='ocrx_word' id='word_1_71' title='bbox 138 1185 313 1240; x_wconf 79' lang='lat' dir='ltr'><strong>arbitrium</strong></span> <span class='ocrx_word' id='word_1_72' title='bbox 339 1185 382 1239; x_wconf 94' lang='lat' dir='ltr'><strong>sit</strong></span> <span class='ocrx_word' id='word_1_73' title='bbox 403 1199 465 1239; x_wconf 91' lang='lat' dir='ltr'><strong>non</strong></span> <span class='ocrx_word' id='word_1_74' title='bbox 484 1184 587 1239; x_wconf 81' lang='lat' dir='ltr'><strong>solum</strong></span> <span class='ocrx_word' id='word_1_75' title='bbox 613 1183 734 1251; x_wconf 75' lang='lat' dir='ltr'><strong>(actum</strong></span> <span class='ocrx_word' id='word_1_76' title='bbox 758 1183 839 1251; x_wconf 87' lang='lat' dir='ltr'><strong>qnod</strong></span> <span class='ocrx_word' id='word_1_77' title='bbox 859 1183 1048 1238; x_wconf 89' lang='lat' dir='ltr'><strong>conscientia</strong></span> <span class='ocrx_word' id='word_1_78' title='bbox 1069 1184 1216 1248; x_wconf 89' lang='lat' dir='ltr'><strong>testatur,</strong></span> 
     </span>
     <span class='ocr_line' id='line_1_10' title="bbox 140 1271 1216 1344; baseline -0.005 -15"><span class='ocrx_word' id='word_1_79' title='bbox 140 1274 309 1330; x_wconf 87' lang='lat' dir='ltr'><strong>sedetiam</strong></span> <span class='ocrx_word' id='word_1_80' title='bbox 329 1271 384 1344; x_wconf 81' lang='lat' dir='ltr'><strong>jas</strong></span> <span class='ocrx_word' id='word_1_81' title='bbox 411 1288 466 1328; x_wconf 92' lang='lat' dir='ltr'><strong>seu</strong></span> <span class='ocrx_word' id='word_1_82' title='bbox 487 1271 665 1343; x_wconf 89' lang='lat' dir='ltr'><strong>proprietas</strong></span> <span class='ocrx_word' id='word_1_83' title='bbox 689 1271 863 1326; x_wconf 90' lang='lat' dir='ltr'><strong>essentialis</strong></span> <span class='ocrx_word' id='word_1_84' title='bbox 887 1271 1052 1327; x_wconf 87' lang='lat' dir='ltr'><strong>rationalis</strong></span> <span class='ocrx_word' id='word_1_85' title='bbox 1072 1271 1216 1327; x_wconf 88' lang='lat' dir='ltr'><strong>naturaei</strong></span> 
     </span>
    </p>
   </div>
   <div class='ocr_carea' id='block_1_4' title="bbox 139 1359 1220 2038">
    <p class='ocr_par' dir='ltr' id='par_1_4' title="bbox 139 1359 1215 1522">
     <span class='ocr_line' id='line_1_11' title="bbox 141 1359 1215 1430; baseline -0.002 -12"><span class='ocrx_word' id='word_1_86' title='bbox 141 1364 215 1418; x_wconf 80' lang='lat' dir='ltr'><strong>liaec</strong></span> <span class='ocrx_word' id='word_1_87' title='bbox 236 1363 318 1418; x_wconf 89' lang='lat' dir='ltr'><strong>esset</strong></span> <span class='ocrx_word' id='word_1_88' title='bbox 341 1361 569 1416; x_wconf 85' lang='lat' dir='ltr'><strong>demonstratio</strong></span> <span class='ocrx_word' id='word_1_89' title='bbox 595 1359 808 1430; x_wconf 83' lang='lat' dir='ltr'><strong>metaphysica</strong></span> <span class='ocrx_word' id='word_1_90' title='bbox 834 1359 923 1414; x_wconf 91' lang='lat' dir='ltr'><strong>liberi</strong></span> <span class='ocrx_word' id='word_1_91' title='bbox 952 1360 1088 1424; x_wconf 92' lang='lat' dir='ltr'><strong>arbitrii,</strong></span> <span class='ocrx_word' id='word_1_92' title='bbox 1109 1373 1215 1429; x_wconf 87' lang='lat' dir='ltr'><strong>quam,</strong></span> 
     </span>
     <span class='ocr_line' id='line_1_12' title="bbox 139 1448 993 1522; baseline -0.005 -15"><span class='ocrx_word' id='word_1_93' title='bbox 139 1452 246 1514; x_wconf 90' lang='lat' dir='ltr'><strong>aiunt,</strong></span> <span class='ocrx_word' id='word_1_94' title='bbox 266 1451 432 1521; x_wconf 85' lang='lat' dir='ltr'><strong>proposuit</strong></span> <span class='ocrx_word' id='word_1_95' title='bbox 443 1451 510 1522; x_wconf 88' lang='lat' dir='ltr'><strong>ipse</strong></span> <span class='ocrx_word' id='word_1_96' title='bbox 525 1450 553 1504; x_wconf 79' lang='lat' dir='ltr'><strong>S·</strong></span> <span class='ocrx_word' id='word_1_97' title='bbox 571 1450 626 1504; x_wconf 87' lang='lat' dir='ltr'><strong>Th.</strong></span> <span class='ocrx_word' id='word_1_98' title='bbox 643 1449 675 1502; x_wconf 92' lang='lat' dir='ltr'><strong>in</strong></span> <span class='ocrx_word' id='word_1_99' title='bbox 690 1448 824 1504; x_wconf 90' lang='lat' dir='ltr'><strong>articulo</strong></span> <span class='ocrx_word' id='word_1_100' title='bbox 839 1450 993 1518; x_wconf 84' lang='lat' dir='ltr'><strong>sequenti.</strong></span> 
     </span>
    </p>

    <p class='ocr_par' dir='ltr' id='par_1_5' title="bbox 140 1537 1220 2038">
     <span class='ocr_line' id='line_1_13' title="bbox 180 1537 1219 1608; baseline -0.002 -13"><span class='ocrx_word' id='word_1_101' title='bbox 180 1541 239 1595; x_wconf 90' lang='lat' dir='ltr'><strong>Sed</strong></span> <span class='ocrx_word' id='word_1_102' title='bbox 254 1539 343 1594; x_wconf 91' lang='lat' dir='ltr'><strong>nobis</strong></span> <span class='ocrx_word' id='word_1_103' title='bbox 353 1539 481 1594; x_wconf 87' lang='lat' dir='ltr'><strong>videtur</strong></span> <span class='ocrx_word' id='word_1_104' title='bbox 495 1537 577 1608; x_wconf 85' lang='lat' dir='ltr'><strong>quod</strong></span> <span class='ocrx_word' id='word_1_105' title='bbox 594 1539 621 1592; x_wconf 91' lang='lat' dir='ltr'><strong>S.</strong></span> <span class='ocrx_word' id='word_1_106' title='bbox 640 1540 753 1593; x_wconf 89' lang='lat' dir='ltr'><strong>Doctor</strong></span> <span class='ocrx_word' id='word_1_107' title='bbox 766 1537 808 1592; x_wconf 92' lang='lat' dir='ltr'><strong>ibi</strong></span> <span class='ocrx_word' id='word_1_108' title='bbox 824 1537 1020 1593; x_wconf 91' lang='lat' dir='ltr'><strong>demonstrat</strong></span> <span class='ocrx_word' id='word_1_109' title='bbox 1035 1537 1126 1594; x_wconf 92' lang='lat' dir='ltr'><strong>liberi</strong></span> <span class='ocrx_word' id='word_1_110' title='bbox 1140 1538 1219 1593; x_wconf 90' lang='lat' dir='ltr'><strong>arbi·</strong></span> 
     </span>
     <span class='ocr_line' id='line_1_14' title="bbox 142 1626 1216 1698; baseline -0.001 -14"><span class='ocrx_word' id='word_1_111' title='bbox 142 1629 202 1685; x_wconf 92' lang='lat' dir='ltr'><strong>trii</strong></span> <span class='ocrx_word' id='word_1_112' title='bbox 232 1627 484 1698; x_wconf 88' lang='lat' dir='ltr'><strong>possibilitatem,</strong></span> <span class='ocrx_word' id='word_1_113' title='bbox 511 1641 631 1682; x_wconf 87' lang='lat' dir='ltr'><strong>necnon</strong></span> <span class='ocrx_word' id='word_1_114' title='bbox 661 1626 786 1682; x_wconf 93' lang='lat' dir='ltr'><strong>modum</strong></span> <span class='ocrx_word' id='word_1_115' title='bbox 816 1640 878 1694; x_wconf 87' lang='lat' dir='ltr'><strong>quo</strong></span> <span class='ocrx_word' id='word_1_116' title='bbox 905 1628 1081 1688; x_wconf 85' lang='lat' dir='ltr'><strong>exercetur,</strong></span> <span class='ocrx_word' id='word_1_117' title='bbox 1110 1628 1216 1697; x_wconf 84' lang='lat' dir='ltr'><strong>potius</strong></span> 
     </span>
     <span class='ocr_line' id='line_1_15' title="bbox 140 1715 1217 1786; baseline 0.001 -15"><span class='ocrx_word' id='word_1_118' title='bbox 140 1717 240 1786; x_wconf 75' lang='lat' dir='ltr'><strong>quam</strong></span> <span class='ocrx_word' id='word_1_119' title='bbox 265 1717 357 1772; x_wconf 90' lang='lat' dir='ltr'><strong>liberi</strong></span> <span class='ocrx_word' id='word_1_120' title='bbox 379 1717 505 1771; x_wconf 88' lang='lat' dir='ltr'><strong>arbitrii</strong></span> <span class='ocrx_word' id='word_1_121' title='bbox 532 1717 632 1786; x_wconf 91' lang='lat' dir='ltr'><strong>ipsam</strong></span> <span class='ocrx_word' id='word_1_122' title='bbox 653 1715 865 1770; x_wconf 89' lang='lat' dir='ltr'><strong>existentiam.</strong></span> <span class='ocrx_word' id='word_1_123' title='bbox 892 1715 1123 1772; x_wconf 89' lang='lat' dir='ltr'><strong>Demonstratio</strong></span> <span class='ocrx_word' id='word_1_124' title='bbox 1147 1717 1217 1784; x_wconf 84' lang='lat' dir='ltr'><strong>qui·</strong></span> 
     </span>
     <span class='ocr_line' id='line_1_16' title="bbox 143 1803 1218 1876; baseline -0.002 -15"><span class='ocrx_word' id='word_1_125' title='bbox 143 1807 217 1861; x_wconf 87' lang='lat' dir='ltr'><strong>dem</strong></span> <span class='ocrx_word' id='word_1_126' title='bbox 238 1821 294 1860; x_wconf 88' lang='lat' dir='ltr'><strong>scu</strong></span> <span class='ocrx_word' id='word_1_127' title='bbox 309 1805 476 1874; x_wconf 82' lang='lat' dir='ltr'><strong>explicatio</strong></span> <span class='ocrx_word' id='word_1_128' title='bbox 493 1807 542 1860; x_wconf 90' lang='lat' dir='ltr'><strong>est</strong></span> <span class='ocrx_word' id='word_1_129' title='bbox 560 1804 680 1876; x_wconf 89' lang='lat' dir='ltr'><strong>optima</strong></span> <span class='ocrx_word' id='word_1_130' title='bbox 695 1803 864 1858; x_wconf 89' lang='lat' dir='ltr'><strong>dummodo</strong></span> <span class='ocrx_word' id='word_1_131' title='bbox 885 1817 947 1858; x_wconf 90' lang='lat' dir='ltr'><strong>non</strong></span> <span class='ocrx_word' id='word_1_132' title='bbox 970 1803 1158 1872; x_wconf 78' lang='lat' dir='ltr'><strong>sejungatur</strong></span> <span class='ocrx_word' id='word_1_133' title='bbox 1179 1805 1218 1862; x_wconf 90' lang='lat' dir='ltr'><strong>ab</strong></span> 
     </span>
     <span class='ocr_line' id='line_1_17' title="bbox 143 1890 1220 1962; baseline -0.003 -13"><span class='ocrx_word' id='word_1_134' title='bbox 143 1895 214 1962; x_wconf 88' lang='lat' dir='ltr'><strong>ipso</strong></span> <span class='ocrx_word' id='word_1_135' title='bbox 231 1893 429 1948; x_wconf 84' lang='lat' dir='ltr'><strong>conscientiae</strong></span> <span class='ocrx_word' id='word_1_136' title='bbox 443 1892 626 1948; x_wconf 90' lang='lat' dir='ltr'><strong>testimonio</strong></span> <span class='ocrx_word' id='word_1_137' title='bbox 642 1891 679 1946; x_wconf 87' lang='lat' dir='ltr'><strong>do</strong></span> <span class='ocrx_word' id='word_1_138' title='bbox 698 1890 853 1946; x_wconf 89' lang='lat' dir='ltr'><strong>libertatis</strong></span> <span class='ocrx_word' id='word_1_139' title='bbox 869 1890 1047 1946; x_wconf 75' lang='lat' dir='ltr'><strong>existentiis.</strong></span> <span class='ocrx_word' id='word_1_140' title='bbox 1064 1891 1220 1946; x_wconf 79' lang='lat' dir='ltr'><strong>Audiatur</strong></span> 
     </span>
     <span class='ocr_line' id='line_1_18' title="bbox 144 1983 276 2038; baseline -0.023 0"><span class='ocrx_word' id='word_1_141' title='bbox 144 1985 178 2038; x_wconf 86' lang='lat' dir='ltr'><strong>S.</strong></span> <span class='ocrx_word' id='word_1_142' title='bbox 195 1983 276 2038; x_wconf 89' lang='lat' dir='ltr'><strong>Th.:</strong></span> 
     </span>
    </p>
   </div>
   <div class='ocr_carea' id='block_1_5' title="bbox 145 2079 1330 2217">
    <p class='ocr_par' dir='ltr' id='par_1_6' title="bbox 145 2079 1330 2217">
     <span class='ocr_line' id='line_1_19' title="bbox 180 2079 1294 2144; baseline 0.001 -11"><span class='ocrx_word' id='word_1_143' title='bbox 180 2079 335 2133; x_wconf 90' lang='lat' dir='ltr'><strong>Voluntas</strong></span> <span class='ocrx_word' id='word_1_144' title='bbox 364 2093 427 2132; x_wconf 89' lang='lat' dir='ltr'><strong>non</strong></span> <span class='ocrx_word' id='word_1_145' title='bbox 456 2093 494 2133; x_wconf 91' lang='lat' dir='ltr'><strong>ex</strong></span> <span class='ocrx_word' id='word_1_146' title='bbox 520 2079 706 2132; x_wconf 88' lang='lat' dir='ltr'><strong>necessitate</strong></span> <span class='ocrx_word' id='word_1_147' title='bbox 734 2079 805 2132; x_wconf 83' lang='lat' dir='ltr'><strong>vult</strong></span> <span class='ocrx_word' id='word_1_148' title='bbox 832 2090 1034 2144; x_wconf 72' lang='lat' dir='ltr'><strong>quaecumque</strong></span> <span class='ocrx_word' id='word_1_149' title='bbox 1063 2079 1142 2134; x_wconf 93' lang='lat' dir='ltr'><strong>vult.</strong></span> <span class='ocrx_word' id='word_1_150' title='bbox 1174 2079 1219 2134; x_wconf 80' lang='lat' dir='ltr'><strong>nd</strong></span> <span class='ocrx_word' id='word_1_151' title='bbox 1290 2091 1294 2101; x_wconf 84' lang='lat'><strong>·</strong></span> 
     </span>
     <span class='ocr_line' id='line_1_20' title="bbox 145 2149 1330 2217; baseline -0.006 -11"><span class='ocrx_word' id='word_1_152' title='bbox 145 2149 241 2217; x_wconf 70' lang='lat' dir='ltr'><strong>errius</strong></span> <span class='ocrx_word' id='word_1_153' title='bbox 257 2150 447 2204; x_wconf 87' lang='lat' dir='ltr'><strong>evidentiam</strong></span> <span class='ocrx_word' id='word_1_154' title='bbox 468 2149 726 2204; x_wconf 91' lang='lat' dir='ltr'><strong>considerandum</strong></span> <span class='ocrx_word' id='word_1_155' title='bbox 749 2153 798 2204; x_wconf 90' lang='lat' dir='ltr'><strong>est</strong></span> <span class='ocrx_word' id='word_1_156' title='bbox 829 2149 909 2216; x_wconf 82' lang='lat' dir='ltr'><strong>quod</strong></span> <span class='ocrx_word' id='word_1_157' title='bbox 936 2149 1019 2203; x_wconf 88' lang='lat' dir='ltr'><strong>sicut</strong></span> <span class='ocrx_word' id='word_1_158' title='bbox 1041 2149 1221 2206; x_wconf 88' lang='lat' dir='ltr'><strong>intellectus</strong></span> <span class='ocrx_word' id='word_1_159' title='bbox 1327 2195 1330 2199; x_wconf 90' lang='lat'><strong>.</strong></span> 
     </span>
    </p>
   </div>
   <div class='ocr_carea' id='block_1_6' title="bbox 141 2220 1226 3568">
    <p class='ocr_par' dir='ltr' id='par_1_7' title="bbox 141 2220 1226 3568">
     <span class='ocr_line' id='line_1_21' title="bbox 144 2220 1223 2290; baseline -0.002 -12"><span class='ocrx_word' id='word_1_160' title='bbox 144 2221 339 2278; x_wconf 88' lang='lat' dir='ltr'><strong>naturaliter</strong></span> <span class='ocrx_word' id='word_1_161' title='bbox 356 2224 388 2275; x_wconf 86' lang='lat' dir='ltr'><strong>et</strong></span> <span class='ocrx_word' id='word_1_162' title='bbox 411 2235 451 2276; x_wconf 89' lang='lat' dir='ltr'><strong>ex</strong></span> <span class='ocrx_word' id='word_1_163' title='bbox 475 2221 660 2276; x_wconf 88' lang='lat' dir='ltr'><strong>necessitate</strong></span> <span class='ocrx_word' id='word_1_164' title='bbox 682 2220 817 2275; x_wconf 89' lang='lat' dir='ltr'><strong>inhaeret</strong></span> <span class='ocrx_word' id='word_1_165' title='bbox 840 2220 951 2288; x_wconf 91' lang='lat' dir='ltr'><strong>primis</strong></span> <span class='ocrx_word' id='word_1_166' title='bbox 980 2221 1156 2290; x_wconf 88' lang='lat' dir='ltr'><strong>principiis,</strong></span> <span class='ocrx_word' id='word_1_167' title='bbox 1176 2221 1223 2277; x_wconf 89' lang='lat' dir='ltr'><strong>ita</strong></span> 
     </span>
     <span class='ocr_line' id='line_1_22' title="bbox 144 2291 1220 2360; baseline 0.002 -14"><span class='ocrx_word' id='word_1_168' title='bbox 144 2294 295 2349; x_wconf 87' lang='lat' dir='ltr'><strong>voluntas</strong></span> <span class='ocrx_word' id='word_1_169' title='bbox 312 2292 424 2347; x_wconf 93' lang='lat' dir='ltr'><strong>ultimo</strong></span> <span class='ocrx_word' id='word_1_170' title='bbox 440 2291 535 2346; x_wconf 87' lang='lat' dir='ltr'><strong>fini...</strong></span> <span class='ocrx_word' id='word_1_171' title='bbox 552 2293 631 2346; x_wconf 89' lang='lat' dir='ltr'><strong>Sunt</strong></span> <span class='ocrx_word' id='word_1_172' title='bbox 646 2294 751 2346; x_wconf 88' lang='lat' dir='ltr'><strong>autem</strong></span> <span class='ocrx_word' id='word_1_173' title='bbox 767 2291 907 2358; x_wconf 88' lang='lat' dir='ltr'><strong>quaedam</strong></span> <span class='ocrx_word' id='word_1_174' title='bbox 924 2291 1138 2358; x_wconf 84' lang='lat' dir='ltr'><strong>intelligibilia</strong></span> <span class='ocrx_word' id='word_1_175' title='bbox 1152 2307 1220 2360; x_wconf 88' lang='lat' dir='ltr'><strong>quae</strong></span> 
     </span>
     <span class='ocr_line' id='line_1_23' title="bbox 143 2361 1219 2432; baseline -0.002 -12"><span class='ocrx_word' id='word_1_176' title='bbox 143 2378 209 2420; x_wconf 88' lang='lat' dir='ltr'><strong>non</strong></span> <span class='ocrx_word' id='word_1_177' title='bbox 233 2363 349 2418; x_wconf 91' lang='lat' dir='ltr'><strong>habent</strong></span> <span class='ocrx_word' id='word_1_178' title='bbox 374 2364 583 2418; x_wconf 90' lang='lat' dir='ltr'><strong>necessariam</strong></span> <span class='ocrx_word' id='word_1_179' title='bbox 612 2363 838 2416; x_wconf 81' lang='lat' dir='ltr'><strong>connexionem</strong></span> <span class='ocrx_word' id='word_1_180' title='bbox 863 2361 901 2416; x_wconf 93' lang='lat' dir='ltr'><strong>ad</strong></span> <span class='ocrx_word' id='word_1_181' title='bbox 927 2362 1030 2431; x_wconf 91' lang='lat' dir='ltr'><strong>prima</strong></span> <span class='ocrx_word' id='word_1_182' title='bbox 1051 2363 1219 2432; x_wconf 89' lang='lat' dir='ltr'><strong>principia,</strong></span> 
     </span>
     <span class='ocr_line' id='line_1_24' title="bbox 141 2432 1221 2504; baseline -0.001 -13"><span class='ocrx_word' id='word_1_183' title='bbox 141 2435 229 2492; x_wconf 85' lang='lat' dir='ltr'><strong>sicut</strong></span> <span class='ocrx_word' id='word_1_184' title='bbox 244 2434 461 2502; x_wconf 83' lang='lat' dir='ltr'><strong>contingentes</strong></span> <span class='ocrx_word' id='word_1_185' title='bbox 478 2434 719 2504; x_wconf 81' lang='lat' dir='ltr'><strong>propositiones.</strong></span> <span class='ocrx_word' id='word_1_186' title='bbox 732 2433 770 2486; x_wconf 89' lang='lat' dir='ltr'><strong>ad</strong></span> <span class='ocrx_word' id='word_1_187' title='bbox 786 2447 921 2500; x_wconf 85' lang='lat' dir='ltr'><strong>quarum</strong></span> <span class='ocrx_word' id='word_1_188' title='bbox 934 2432 1142 2488; x_wconf 91' lang='lat' dir='ltr'><strong>remotionem</strong></span> <span class='ocrx_word' id='word_1_189' title='bbox 1159 2448 1221 2490; x_wconf 92' lang='lat' dir='ltr'><strong>non</strong></span> 
     </span>
     <span class='ocr_line' id='line_1_25' title="bbox 142 2504 1220 2575; baseline -0.002 -13"><span class='ocrx_word' id='word_1_190' title='bbox 142 2506 293 2574; x_wconf 88' lang='lat' dir='ltr'><strong>sequitur</strong></span> <span class='ocrx_word' id='word_1_191' title='bbox 312 2506 447 2560; x_wconf 91' lang='lat' dir='ltr'><strong>remotio</strong></span> <span class='ocrx_word' id='word_1_192' title='bbox 462 2505 639 2575; x_wconf 88' lang='lat' dir='ltr'><strong>primorum</strong></span> <span class='ocrx_word' id='word_1_193' title='bbox 653 2504 882 2574; x_wconf 89' lang='lat' dir='ltr'><strong>principiorum</strong></span> <span class='ocrx_word' id='word_1_194' title='bbox 898 2522 905 2565; x_wconf 88' lang='lat'>;</span> <span class='ocrx_word' id='word_1_195' title='bbox 927 2506 958 2558; x_wconf 91' lang='lat' dir='ltr'><strong>et</strong></span> <span class='ocrx_word' id='word_1_196' title='bbox 974 2504 1088 2558; x_wconf 91' lang='lat' dir='ltr'><strong>talibus</strong></span> <span class='ocrx_word' id='word_1_197' title='bbox 1104 2517 1166 2559; x_wconf 93' lang='lat' dir='ltr'><strong>non</strong></span> <span class='ocrx_word' id='word_1_198' title='bbox 1181 2519 1220 2560; x_wconf 88' lang='lat' dir='ltr'><strong>ex</strong></span> 
     </span>
     <span class='ocr_line' id='line_1_26' title="bbox 143 2575 1219 2644; baseline -0.001 -12"><span class='ocrx_word' id='word_1_199' title='bbox 143 2577 335 2632; x_wconf 89' lang='lat' dir='ltr'><strong>necessitate</strong></span> <span class='ocrx_word' id='word_1_200' title='bbox 350 2577 483 2631; x_wconf 87' lang='lat' dir='ltr'><strong>assentit</strong></span> <span class='ocrx_word' id='word_1_201' title='bbox 497 2577 686 2630; x_wconf 89' lang='lat' dir='ltr'><strong>intellectus.</strong></span> <span class='ocrx_word' id='word_1_202' title='bbox 704 2575 848 2639; x_wconf 87' lang='lat' dir='ltr'><strong>Quaedam</strong></span> <span class='ocrx_word' id='word_1_203' title='bbox 868 2576 973 2630; x_wconf 87' lang='lat' dir='ltr'><strong>autem</strong></span> <span class='ocrx_word' id='word_1_204' title='bbox 989 2575 1219 2644; x_wconf 89' lang='lat' dir='ltr'><strong>propositiones</strong></span> 
     </span>
     <span class='ocr_line' id='line_1_27' title="bbox 141 2647 1218 2714; baseline -0.004 -9"><span class='ocrx_word' id='word_1_205' title='bbox 141 2651 222 2705; x_wconf 85' lang='lat' dir='ltr'><strong>sunt</strong></span> <span class='ocrx_word' id='word_1_206' title='bbox 236 2648 433 2709; x_wconf 85' lang='lat' dir='ltr'><strong>necessariae,</strong></span> <span class='ocrx_word' id='word_1_207' title='bbox 451 2662 519 2714; x_wconf 86' lang='lat' dir='ltr'><strong>quae</strong></span> <span class='ocrx_word' id='word_1_208' title='bbox 541 2647 656 2702; x_wconf 87' lang='lat' dir='ltr'><strong>habent</strong></span> <span class='ocrx_word' id='word_1_209' title='bbox 671 2647 896 2701; x_wconf 82' lang='lat' dir='ltr'><strong>connexionem</strong></span> <span class='ocrx_word' id='word_1_210' title='bbox 920 2647 1127 2700; x_wconf 89' lang='lat' dir='ltr'><strong>necessariam</strong></span> <span class='ocrx_word' id='word_1_211' title='bbox 1147 2661 1218 2701; x_wconf 92' lang='lat' dir='ltr'><strong>cum</strong></span> 
     </span>
     <span class='ocr_line' id='line_1_28' title="bbox 142 2717 1220 2790; baseline -0.002 -15"><span class='ocrx_word' id='word_1_212' title='bbox 142 2721 259 2790; x_wconf 91' lang='lat' dir='ltr'><strong>primis</strong></span> <span class='ocrx_word' id='word_1_213' title='bbox 273 2719 448 2788; x_wconf 92' lang='lat' dir='ltr'><strong>principiis,</strong></span> <span class='ocrx_word' id='word_1_214' title='bbox 464 2719 547 2773; x_wconf 91' lang='lat' dir='ltr'><strong>sicut</strong></span> <span class='ocrx_word' id='word_1_215' title='bbox 560 2719 776 2774; x_wconf 88' lang='lat' dir='ltr'><strong>conclusiones</strong></span> <span class='ocrx_word' id='word_1_216' title='bbox 799 2717 1067 2779; x_wconf 88' lang='lat' dir='ltr'><strong>demonstrabiles,</strong></span> <span class='ocrx_word' id='word_1_217' title='bbox 1086 2718 1124 2773; x_wconf 91' lang='lat' dir='ltr'><strong>ad</strong></span> <span class='ocrx_word' id='word_1_218' title='bbox 1139 2731 1220 2786; x_wconf 89' lang='lat' dir='ltr'><strong>qua-</strong></span> 
     </span>
     <span class='ocr_line' id='line_1_29' title="bbox 143 2788 1221 2858; baseline 0.002 -13"><span class='ocrx_word' id='word_1_219' title='bbox 143 2805 218 2846; x_wconf 89' lang='lat' dir='ltr'><strong>rum</strong></span> <span class='ocrx_word' id='word_1_220' title='bbox 230 2789 438 2845; x_wconf 90' lang='lat' dir='ltr'><strong>remotionem</strong></span> <span class='ocrx_word' id='word_1_221' title='bbox 450 2790 594 2857; x_wconf 88' lang='lat' dir='ltr'><strong>sequitur</strong></span> <span class='ocrx_word' id='word_1_222' title='bbox 603 2790 737 2843; x_wconf 89' lang='lat' dir='ltr'><strong>remotio</strong></span> <span class='ocrx_word' id='word_1_223' title='bbox 747 2788 922 2858; x_wconf 92' lang='lat' dir='ltr'><strong>primorum</strong></span> <span class='ocrx_word' id='word_1_224' title='bbox 934 2789 1162 2858; x_wconf 91' lang='lat' dir='ltr'><strong>principiorum</strong></span> <span class='ocrx_word' id='word_1_225' title='bbox 1171 2805 1178 2854; x_wconf 91' lang='lat'>;</span> <span class='ocrx_word' id='word_1_226' title='bbox 1188 2792 1221 2847; x_wconf 88' lang='lat' dir='ltr'><strong>et</strong></span> 
     </span>
     <span class='ocr_line' id='line_1_30' title="bbox 143 2859 1220 2926; baseline -0.001 -9"><span class='ocrx_word' id='word_1_227' title='bbox 143 2862 194 2917; x_wconf 91' lang='lat' dir='ltr'><strong>his</strong></span> <span class='ocrx_word' id='word_1_228' title='bbox 210 2861 392 2916; x_wconf 89' lang='lat' dir='ltr'><strong>intellectus</strong></span> <span class='ocrx_word' id='word_1_229' title='bbox 407 2875 446 2915; x_wconf 79' lang='lat' dir='ltr'><strong>ex</strong></span> <span class='ocrx_word' id='word_1_230' title='bbox 463 2861 646 2914; x_wconf 90' lang='lat' dir='ltr'><strong>necessitate</strong></span> <span class='ocrx_word' id='word_1_231' title='bbox 662 2859 805 2921; x_wconf 89' lang='lat' dir='ltr'><strong>assentit,</strong></span> <span class='ocrx_word' id='word_1_232' title='bbox 822 2859 947 2926; x_wconf 81' lang='lat' dir='ltr'><strong>cognita</strong></span> <span class='ocrx_word' id='word_1_233' title='bbox 961 2860 1154 2915; x_wconf 86' lang='lat' dir='ltr'><strong>connexione</strong></span> <span class='ocrx_word' id='word_1_234' title='bbox 1169 2875 1220 2916; x_wconf 91' lang='lat' dir='ltr'><strong>ne-</strong></span> 
     </span>
     <span class='ocr_line' id='line_1_31' title="bbox 144 2931 1222 3001; baseline -0.001 -13"><span class='ocrx_word' id='word_1_235' title='bbox 144 2931 286 2988; x_wconf 74' lang='lat' dir='ltr'><strong>cessaria</strong></span> <span class='ocrx_word' id='word_1_236' title='bbox 304 2931 537 2986; x_wconf 88' lang='lat' dir='ltr'><strong>conclusionum</strong></span> <span class='ocrx_word' id='word_1_237' title='bbox 562 2931 600 2986; x_wconf 92' lang='lat' dir='ltr'><strong>ad</strong></span> <span class='ocrx_word' id='word_1_238' title='bbox 622 2933 773 3001; x_wconf 88' lang='lat' dir='ltr'><strong>principia</strong></span> <span class='ocrx_word' id='word_1_239' title='bbox 795 2946 850 2998; x_wconf 89' lang='lat' dir='ltr'><strong>per</strong></span> <span class='ocrx_word' id='word_1_240' title='bbox 868 2931 1145 2987; x_wconf 89' lang='lat' dir='ltr'><strong>demonstrationis</strong></span> <span class='ocrx_word' id='word_1_241' title='bbox 1169 2932 1222 2987; x_wconf 92' lang='lat' dir='ltr'><strong>de·</strong></span> 
     </span>
     <span class='ocr_line' id='line_1_32' title="bbox 143 3002 1221 3072; baseline -0.001 -13"><span class='ocrx_word' id='word_1_242' title='bbox 143 3003 339 3059; x_wconf 90' lang='lat' dir='ltr'><strong>ductionem.</strong></span> <span class='ocrx_word' id='word_1_243' title='bbox 370 3004 436 3056; x_wconf 89' lang='lat' dir='ltr'><strong>Non</strong></span> <span class='ocrx_word' id='word_1_244' title='bbox 464 3005 567 3057; x_wconf 90' lang='lat' dir='ltr'><strong>autem</strong></span> <span class='ocrx_word' id='word_1_245' title='bbox 596 3017 635 3057; x_wconf 87' lang='lat' dir='ltr'><strong>ex</strong></span> <span class='ocrx_word' id='word_1_246' title='bbox 663 3003 848 3057; x_wconf 88' lang='lat' dir='ltr'><strong>necessitate</strong></span> <span class='ocrx_word' id='word_1_247' title='bbox 884 3002 1025 3060; x_wconf 88' lang='lat' dir='ltr'><strong>assentit.</strong></span> <span class='ocrx_word' id='word_1_248' title='bbox 1054 3007 1221 3072; x_wconf 88' lang='lat' dir='ltr'><strong>antequam</strong></span> 
     </span>
     <span class='ocr_line' id='line_1_33' title="bbox 146 3073 1221 3142; baseline -0.002 -12"><span class='ocrx_word' id='word_1_249' title='bbox 146 3073 332 3142; x_wconf 87' lang='lat' dir='ltr'><strong>hujusmodi</strong></span> <span class='ocrx_word' id='word_1_250' title='bbox 359 3075 575 3128; x_wconf 85' lang='lat' dir='ltr'><strong>necessitatem</strong></span> <span class='ocrx_word' id='word_1_251' title='bbox 603 3073 806 3128; x_wconf 90' lang='lat' dir='ltr'><strong>connexionis</strong></span> <span class='ocrx_word' id='word_1_252' title='bbox 833 3088 890 3142; x_wconf 90' lang='lat' dir='ltr'><strong>per</strong></span> <span class='ocrx_word' id='word_1_253' title='bbox 922 3073 1221 3129; x_wconf 89' lang='lat' dir='ltr'><strong>demonstrationem</strong></span> 
     </span>
     <span class='ocr_line' id='line_1_34' title="bbox 144 3144 1220 3214; baseline -0.001 -14"><span class='ocrx_word' id='word_1_254' title='bbox 144 3149 327 3214; x_wconf 85' lang='lat' dir='ltr'><strong>cognoscat.</strong></span> <span class='ocrx_word' id='word_1_255' title='bbox 355 3145 505 3199; x_wconf 86' lang='lat' dir='ltr'><strong>Similiter</strong></span> <span class='ocrx_word' id='word_1_256' title='bbox 526 3145 622 3199; x_wconf 89' lang='lat' dir='ltr'><strong>etiam</strong></span> <span class='ocrx_word' id='word_1_257' title='bbox 648 3159 687 3199; x_wconf 84' lang='lat' dir='ltr'><strong>ex</strong></span> <span class='ocrx_word' id='word_1_258' title='bbox 713 3147 802 3213; x_wconf 85' lang='lat' dir='ltr'><strong>parte</strong></span> <span class='ocrx_word' id='word_1_259' title='bbox 827 3144 1010 3199; x_wconf 87' lang='lat' dir='ltr'><strong>voluntatis.</strong></span> <span class='ocrx_word' id='word_1_260' title='bbox 1037 3147 1116 3199; x_wconf 93' lang='lat' dir='ltr'><strong>Sunt</strong></span> <span class='ocrx_word' id='word_1_261' title='bbox 1137 3146 1220 3200; x_wconf 89' lang='lat' dir='ltr'><strong>enim</strong></span> 
     </span>
     <span class='ocr_line' id='line_1_35' title="bbox 146 3214 1221 3285; baseline -0.002 -14"><span class='ocrx_word' id='word_1_262' title='bbox 146 3216 289 3285; x_wconf 83' lang='lat' dir='ltr'><strong>quaedam</strong></span> <span class='ocrx_word' id='word_1_263' title='bbox 310 3216 515 3285; x_wconf 89' lang='lat' dir='ltr'><strong>particularia</strong></span> <span class='ocrx_word' id='word_1_264' title='bbox 530 3215 610 3270; x_wconf 92' lang='lat' dir='ltr'><strong>bona</strong></span> <span class='ocrx_word' id='word_1_265' title='bbox 625 3229 693 3283; x_wconf 89' lang='lat' dir='ltr'><strong>quae</strong></span> <span class='ocrx_word' id='word_1_266' title='bbox 709 3229 771 3269; x_wconf 91' lang='lat' dir='ltr'><strong>non</strong></span> <span class='ocrx_word' id='word_1_267' title='bbox 791 3214 906 3270; x_wconf 88' lang='lat' dir='ltr'><strong>habent</strong></span> <span class='ocrx_word' id='word_1_268' title='bbox 920 3217 1126 3270; x_wconf 88' lang='lat' dir='ltr'><strong>necessariam</strong></span> <span class='ocrx_word' id='word_1_269' title='bbox 1142 3229 1221 3270; x_wconf 90' lang='lat' dir='ltr'><strong>con-</strong></span> 
     </span>
     <span class='ocr_line' id='line_1_36' title="bbox 147 3285 1221 3355; baseline -0.001 -13"><span class='ocrx_word' id='word_1_270' title='bbox 147 3288 318 3342; x_wconf 87' lang='lat' dir='ltr'><strong>nexionem</strong></span> <span class='ocrx_word' id='word_1_271' title='bbox 333 3286 371 3341; x_wconf 90' lang='lat' dir='ltr'><strong>ad</strong></span> <span class='ocrx_word' id='word_1_272' title='bbox 394 3286 631 3348; x_wconf 85' lang='lat' dir='ltr'><strong>beatitudinem,</strong></span> <span class='ocrx_word' id='word_1_273' title='bbox 648 3287 722 3348; x_wconf 80' lang='lat' dir='ltr'><strong>cuia</strong></span> <span class='ocrx_word' id='word_1_274' title='bbox 736 3287 802 3340; x_wconf 91' lang='lat' dir='ltr'><strong>sine</strong></span> <span class='ocrx_word' id='word_1_275' title='bbox 822 3285 871 3341; x_wconf 92' lang='lat' dir='ltr'><strong>his</strong></span> <span class='ocrx_word' id='word_1_276' title='bbox 891 3289 994 3355; x_wconf 89' lang='lat' dir='ltr'><strong>potest</strong></span> <span class='ocrx_word' id='word_1_277' title='bbox 1018 3285 1130 3353; x_wconf 89' lang='lat' dir='ltr'><strong>aliquis</strong></span> <span class='ocrx_word' id='word_1_278' title='bbox 1154 3300 1221 3341; x_wconf 91' lang='lat' dir='ltr'><strong>esse</strong></span> 
     </span>
     <span class='ocr_line' id='line_1_37' title="bbox 147 3357 1222 3426; baseline 0.001 -14"><span class='ocrx_word' id='word_1_279' title='bbox 147 3358 278 3422; x_wconf 86' lang='lat' dir='ltr'><strong>beatus;</strong></span> <span class='ocrx_word' id='word_1_280' title='bbox 313 3361 345 3412; x_wconf 90' lang='lat' dir='ltr'><strong>et</strong></span> <span class='ocrx_word' id='word_1_281' title='bbox 377 3357 558 3426; x_wconf 89' lang='lat' dir='ltr'><strong>hujusmodi</strong></span> <span class='ocrx_word' id='word_1_282' title='bbox 589 3357 676 3412; x_wconf 92' lang='lat' dir='ltr'><strong>bonis</strong></span> <span class='ocrx_word' id='word_1_283' title='bbox 700 3358 847 3412; x_wconf 80' lang='lat' dir='ltr'><strong>voluntas</strong></span> <span class='ocrx_word' id='word_1_284' title='bbox 875 3371 937 3411; x_wconf 91' lang='lat' dir='ltr'><strong>non</strong></span> <span class='ocrx_word' id='word_1_285' title='bbox 970 3357 1008 3411; x_wconf 87' lang='lat' dir='ltr'><strong>de</strong></span> <span class='ocrx_word' id='word_1_286' title='bbox 1037 3357 1222 3413; x_wconf 88' lang='lat' dir='ltr'><strong>necessitate</strong></span> 
     </span>
     <span class='ocr_line' id='line_1_38' title="bbox 149 3427 1222 3495; baseline -0.001 -12"><span class='ocrx_word' id='word_1_287' title='bbox 149 3429 295 3484; x_wconf 87' lang='lat' dir='ltr'><strong>inhaeret.</strong></span> <span class='ocrx_word' id='word_1_288' title='bbox 325 3429 403 3484; x_wconf 91' lang='lat' dir='ltr'><strong>Sunt</strong></span> <span class='ocrx_word' id='word_1_289' title='bbox 434 3433 538 3484; x_wconf 88' lang='lat' dir='ltr'><strong>autem</strong></span> <span class='ocrx_word' id='word_1_290' title='bbox 564 3429 706 3495; x_wconf 83' lang='lat' dir='ltr'><strong>quaedam</strong></span> <span class='ocrx_word' id='word_1_291' title='bbox 736 3427 882 3482; x_wconf 90' lang='lat' dir='ltr'><strong>habentia</strong></span> <span class='ocrx_word' id='word_1_292' title='bbox 912 3427 1116 3482; x_wconf 89' lang='lat' dir='ltr'><strong>necessariam</strong></span> <span class='ocrx_word' id='word_1_293' title='bbox 1147 3441 1222 3484; x_wconf 90' lang='lat' dir='ltr'><strong>con·</strong></span> 
     </span>
     <span class='ocr_line' id='line_1_39' title="bbox 149 3497 1226 3568; baseline 0.002 -14"><span class='ocrx_word' id='word_1_294' title='bbox 149 3501 318 3554; x_wconf 84' lang='lat' dir='ltr'><strong>nexionem</strong></span> <span class='ocrx_word' id='word_1_295' title='bbox 334 3499 372 3553; x_wconf 91' lang='lat' dir='ltr'><strong>ad</strong></span> <span class='ocrx_word' id='word_1_296' title='bbox 387 3499 622 3565; x_wconf 88' lang='lat' dir='ltr'><strong>beatitudinem,</strong></span> <span class='ocrx_word' id='word_1_297' title='bbox 636 3499 748 3568; x_wconf 91' lang='lat' dir='ltr'><strong>quibus</strong></span> <span class='ocrx_word' id='word_1_298' title='bbox 764 3499 882 3554; x_wconf 91' lang='lat' dir='ltr'><strong>scilicet</strong></span> <span class='ocrx_word' id='word_1_299' title='bbox 895 3497 988 3554; x_wconf 93' lang='lat' dir='ltr'><strong>homo</strong></span> <span class='ocrx_word' id='word_1_300' title='bbox 1002 3501 1061 3552; x_wconf 87' lang='lat' dir='ltr'><strong>Deo</strong></span> <span class='ocrx_word' id='word_1_301' title='bbox 1077 3498 1226 3564; x_wconf 74' lang='lat' dir='ltr'><strong>inhaeret,</strong></span> 
     </span>
    </p>
   </div>
   <div class='ocr_carea' id='block_1_7' title="bbox 153 3647 1223 3821">
    <p class='ocr_par' dir='ltr' id='par_1_8' title="bbox 153 3647 1223 3821">
     <span class='ocr_line' id='line_1_40' title="bbox 153 3647 1223 3821; baseline 0 -63"><span class='ocrx_word' id='word_1_302' title='bbox 153 3647 464 3821; x_wconf 40' lang='lat' dir='ltr'><strong>bffi&#39;gmgstiiaxalillli,</strong></span> <span class='ocrx_word' id='word_1_303' title='bbox 482 3711 514 3759; x_wconf 80' lang='lat' dir='ltr'><strong>de</strong></span> <span class='ocrx_word' id='word_1_304' title='bbox 528 3711 650 3760; x_wconf 82' lang='lat' dir='ltr'><strong>Veritate</strong></span> <span class='ocrx_word' id='word_1_305' title='bbox 664 3725 688 3759; x_wconf 91' lang='lat' dir='ltr'><strong>a.</strong></span> <span class='ocrx_word' id='word_1_306' title='bbox 703 3709 837 3760; x_wconf 77' lang='lat' dir='ltr'><strong>autrum</strong></span> <span class='ocrx_word' id='word_1_307' title='bbox 852 3709 969 3760; x_wconf 87' lang='lat' dir='ltr'><strong>liberum</strong></span> <span class='ocrx_word' id='word_1_308' title='bbox 984 3709 1129 3760; x_wconf 88' lang='lat' dir='ltr'><strong>arbitrium</strong></span> <span class='ocrx_word' id='word_1_309' title='bbox 1145 3711 1181 3759; x_wconf 89' lang='lat' dir='ltr'><strong>sit</strong></span> <span class='ocrx_word' id='word_1_310' title='bbox 1192 3709 1223 3758; x_wconf 88' lang='lat' dir='ltr'><strong>in</strong></span> 
     </span>
     <span class='ocr_line' id='line_1_41' title="bbox 218 3787 252 3821; baseline 0.029 -1"><span class='ocrx_word' id='word_1_311' title='bbox 218 3787 252 3821; x_wconf 85' lang='lat' dir='ltr'><strong>re.</strong></span> 
     </span>
    </p>
   </div>
   <div class='ocr_carea' id='block_1_8' title="bbox 184 3833 503 3898">
    <p class='ocr_par' dir='ltr' id='par_1_9' title="bbox 184 3833 503 3898">
     <span class='ocr_line' id='line_1_42' title="bbox 184 3833 503 3898; baseline -0.006 -14"><span class='ocrx_word' id='word_1_312' title='bbox 184 3834 220 3896; x_wconf 80' lang='lat' dir='ltr'><strong>(a)</strong></span> <span class='ocrx_word' id='word_1_313' title='bbox 232 3834 272 3893; x_wconf 72' lang='lat'><strong>1«,</strong></span> <span class='ocrx_word' id='word_1_314' title='bbox 286 3833 335 3891; x_wconf 69' lang='lat'><strong>20,</strong></span> <span class='ocrx_word' id='word_1_315' title='bbox 348 3848 378 3898; x_wconf 86' lang='lat' dir='ltr'><strong>q.</strong></span> <span class='ocrx_word' id='word_1_316' title='bbox 398 3835 420 3894; x_wconf 88' lang='lat'><strong>1,</strong></span> <span class='ocrx_word' id='word_1_317' title='bbox 440 3851 464 3884; x_wconf 75' lang='lat' dir='ltr'><strong>a.</strong></span> <span class='ocrx_word' id='word_1_318' title='bbox 482 3834 503 3882; x_wconf 85' lang='lat'><strong>1.</strong></span> 
     </span>
    </p>
   </div>
   <div class='ocr_carea' id='block_1_9' title="bbox 0 0 1433 4550">
    <p class='ocr_par' dir='ltr' id='par_1_10' title="bbox 0 0 1433 4550">
     <span class='ocr_line' id='line_1_43' title="bbox 0 0 1433 4550; baseline 0 0"><span class='ocrx_word' id='word_1_319' title='bbox 0 0 1433 4550; x_wconf 95' lang='lat' dir='ltr'><strong> </strong></span> 
     </span>
    </p>
   </div>
  </div>
 </body>
</html>
