2828 4550
154 389 156 394 ¹
178 408 229 462 100
604 403 821 462 rsrcnonoam

176 532 208 586 in
225 545 285 600 quo
310 531 375 586 solo
400 545 476 586 vera
502 530 663 586 beatitudo
688 531 842 596 consistit.
867 531 923 586 Sed
945 531 1061 594 tamen,
1078 531 1247 598 antequam

174 618 232 673 per
257 603 478 658 certitudinem
503 602 618 656 divinae
639 602 770 656 visionis
784 603 953 658 necessitas
968 602 1150 670 hujusmodi
1178 615 1250 658 con-

173 675 317 729 nexionis
333 675 576 736 demonstretur,
587 673 733 728 voluntas
747 688 809 728 non
825 689 864 729 ex
876 674 1061 730 necessitate
1074 676 1135 728 Deo
1150 673 1247 728 inhae-

173 746 231 810 ret,
254 759 309 801 nec
325 745 374 799 his
398 759 466 812 quae
490 745 544 799 Dei
569 745 652 800 sunt.
669 745 726 800 Sed
747 747 894 800 voluntas
911 745 1048 799 videntis
1069 747 1166 800 Deum
1188 759 1249 815 per

173 817 340 872 essentiam
357 817 394 871 de
408 817 594 871 necessitate
614 815 749 871 inhaeret
768 818 839 880 Deo,
857 817 939 871 sicut
953 830 1037 870 nunc
1056 829 1094 870 ex
1114 815 1246 870 necessi·

172 888 238 943 tate
253 889 400 942 volumus
421 901 487 942 esse
503 888 593 942 beati.
611 888 701 942 Patet
716 902 790 956 ergo
807 888 889 956 qnod
902 887 1049 942 voluntas
1065 901 1128 942 non
1141 901 1181 942 ex
1194 899 1248 940 ne-

172 959 318 1014 cessitate
334 959 404 1014 vult
420 971 624 1027 quaecumque
640 959 711 1013 vult
725 959 774 1028 (l).
1057 959 1060 970 '

148 1096 150 1100 ·
207 1083 318 1138 Totum
345 1083 445 1152 igitur
470 1083 692 1152 argumentum
714 1083 762 1138 est
788 1083 821 1137 in
845 1082 903 1139 hoc
928 1083 1010 1151 quod
1034 1095 1133 1151 neque
1158 1083 1243 1137 ratic

171 1173 312 1228 adhaeret
332 1173 507 1228 necessario
529 1172 675 1227 omnihus
691 1171 954 1235 conclusionibus,
971 1185 1071 1240 neque
1092 1171 1243 1227 voluutas

170 1258 315 1316 omnibus
332 1261 420 1317 bonis
435 1261 696 1331 particularibus3
713 1260 795 1316 unde
810 1261 904 1316 homo
919 1262 966 1316 est
981 1261 1070 1316 liber.

206 1365 335 1423 Critian.
352 1399 385 1408 -
401 1367 458 1423 Sed
474 1383 513 1422 ex
536 1368 585 1423 his
610 1381 671 1423 non
695 1367 838 1422 videmus
859 1382 916 1423 cur
930 1368 1011 1423 ratio
1036 1368 1068 1422 et
1090 1367 1242 1422 voluntas

168 1472 230 1512 non
246 1472 278 1512 se
291 1457 538 1512 determinarent
552 1457 590 1512 ad
603 1457 737 1510 invicem
753 1456 799 1511 ita
815 1457 859 1525 ut,
876 1471 997 1524 ex.-gr.‚
1011 1457 1134 1526 primus
1149 1457 1240 1512 actus

167 1546 299 1602 rationis
314 1547 395 1600 essct
409 1559 504 1600 causa
518 1545 695 1600 necessaria
708 1545 804 1614 primi
820 1544 908 1599 actus
921 1545 1106 1608 voluntatis,
1127 1545 1159 1600 et
1172 1545 1240 1614 pri-

169 1649 238 1690 mus
261 1635 349 1690 actus
372 1635 545 1690 voluntatis
568 1635 651 1690 esset
668 1647 772 1689 ,causa
795 1634 970 1689 necessaria
994 1634 1123 1689 secundi
1147 1633 1239 1688 actds

166 1724 310 1790 rationis,
338 1733 369 1778 et
392 1724 436 1778 sic
461 1723 615 1794 deinceps.
650 1725 717 1776 Non
741 1712 896 1792 repugnat
928 1723 964 1777 nt
995 1723 1099 1790 aliqua
1120 1723 1241 1778 natura

165 1813 330 1868 rationalis
349 1813 391 1867 sit
411 1813 449 1866 ad
475 1826 581 1866 omnes
606 1813 695 1866 actus
721 1825 793 1866 suos
814 1812 989 1866 necessario
1014 1812 1236 1877 determinata.

164 1901 285 1955 Revera
299 1902 337 1956 ad
353 1902 452 1956 multa
466 1901 714 1956 determinamur
735 1901 910 1955 necessario
928 1917 934 1953 :
956 1914 1013 1954 cur
1031 1900 1237 1970 impossibilis

163 1991 246 2046 esset
270 1990 444 2044 necessaria
469 1989 690 2044 determinatio
719 1989 757 2043 ad
785 1988 910 2043 omnial
933 1989 1078 2053 Quaedam
1102 1989 1237 2046 fuerunt

163 2078 262 2134 libera
276 2094 344 2147 quae
359 2079 469 2133 deinde
485 2079 661 2134 necessaria
675 2078 865 2132 evaserunt:
887 2093 944 2133 cur
959 2093 1033 2147 ergo
1048 2091 1110 2133 non
1126 2081 1234 2135 omnia

162 2169 290 2239 possent
314 2167 445 2222 evadere
469 2162 665 2238 neccssaria?
692 2167 864 2221 Necessitas
889 2171 921 2222 et
941 2165 1120 2222 intellectus
1144 2169 1234 2223 nullo

162 2257 253 2312 modo
268 2257 395 2312 intense
410 2256 560 2326 pugnant.

196 2354 310 2409 Deinde
325 2355 418 2409 homo
432 2353 560 2408 videtur
573 2353 777 2408 determinari
791 2354 967 2408 necessario
979 2368 1042 2409 non
1057 2353 1158 2409 solum
1173 2369 1233 2424 per

160 2445 264 2514 prima
283 2442 439 2513 principia
459 2444 516 2496 aut
535 2442 749 2496 conclusiones
762 2443 922 2497 evidentes
939 2443 970 2496 et
987 2456 1043 2511 per
1058 2442 1232 2498 beatitudi-

159 2547 230 2588 nem
245 2533 277 2586 in
292 2544 414 2600 genere,
432 2530 485 2586 sed
507 2531 602 2585 etiam
625 2546 680 2598 per
699 2531 913 2586 conclusiones
935 2531 1033 2598 magis
1053 2531 1232 2602 prohabiles

159 2621 190 2676 et
206 2621 286 2675 bona
297 2619 503 2689 particularia
519 2619 843 2686 majora.0ura11tem
860 2619 965 2674 videat
980 2620 1035 2674 aut
1051 2634 1112 2675 non
1122 2621 1230 2677 videat

158 2709 372 2765 conclusiones
396 2722 462 2763 esse
485 2709 583 2774 magis
611 2707 785 2776 probabiles
814 2705 992 2764 autetiam
1022 2709 1142 2776 certas;
1172 2725 1233 2766 cur

157 2799 263 2854 videat
277 2798 333 2852 aut
347 2811 409 2851 non
425 2796 532 2852 videat
546 2797 626 2850 bona
637 2798 843 2866 particularia
867 2797 1007 2865 quaedam
1023 2811 1090 2853 esse
1106 2799 1230 2865 maiora

157 2887 270 2943 ceteris
294 2887 350 2941 aut
372 2886 467 2940 etiam
490 2885 639 2954 conjungi
653 2900 724 2940 cum
739 2881 951 2941 heatitudine?
971 2887 1038 2941 Non
1054 2887 1172 2942 dicitur
1194 2889 1228 2945 in

156 2975 355 3046 argumente,
371 2976 403 3029 et
416 2973 486 3029 ideo
507 2974 642 3028 liberum
663 2974 832 3030 arbitrium
848 2976 990 3030 remanet
1005 2974 1147 3041 dubium,
1163 2977 1227 3032 nisi

156 3065 354 3135 supponatur
372 3063 571 3119 conscientiae
595 3063 824 3118 testimonium.
842 3064 1082 3119 Demonstratur
1097 3065 1224 3133 quidem

155 3155 246 3209 liberi
261 3152 385 3208 arbitrii
400 3151 604 3222 possibilitas,
622 3166 684 3206 non
699 3153 804 3207 autem
821 3152 1000 3208 existentia.

190 3299 253 3355 920.
272 3285 508 3366 Obiectiones.
529 3324 563 3336 -
583 3295 777 3364 objectiones
800 3299 968 3352 moventur
983 3297 1049 3352 sive
1073 3311 1112 3352 ex
1131 3301 1225 3368 parte

153 3384 312 3456 fetatismt
341 3384 566 3456 (mythologici,
595 3385 799 3454 metaphysici
821 3387 853 3440 ct
879 3386 1057 3456 theologici)
1084 3385 1150 3442 sive
1182 3401 1224 3444 ex

152 3477 241 3545 parte
257 3471 488 3528 determa'm'smi
503 3473 696 3543 (mechanici,
711 3475 923 3544 psychologici
935 3477 966 3530 et
977 3475 1223 3547 intellectualis).

152 3565 297 3619 Praesunt
320 3561 510 3630 abiectiones
536 3575 645 3616 eorum
667 3564 721 3630 qui
749 3564 865 3632 negant
888 3563 1022 3618 liberum
1051 3563 1221 3636 arbitrium

152 3667 218 3709 ease
232 3651 431 3707 conscientiae
444 3649 611 3719 obJectum,
626 3651 658 3706 id
674 3657 731 3715 est,
747 3651 865 3718 aliquid
880 3653 1058 3722 expertum.

181 3829 216 3891 (1)
233 3830 271 3890 1³,
286 3843 311 3894 q.
326 3827 364 3884 82,
381 3842 404 3876 a.
423 3828 447 3879 2.
460 3855 490 3865 —
505 3829 573 3878 Vide
590 3829 680 3891 etiam,
692 3829 728 3890 1³,
742 3829 789 3892 2³⁵,
802 3844 831 3894 q.
847 3829 886 3886 13,
902 3843 929 3880 a.
946 3829 973 3881 6.
