2910 4568
428 387 900 451 111111111.-1101716,747.
1171 390 1204 446 19

161 513 193 568 4⁰
208 511 491 568 Immortalitatem·
506 511 619 568 animae
634 512 800 568 testantur
823 517 993 569 consensus
1005 513 1194 584 populorum

53 649 56 656 .
128 603 161 658 et
178 615 291 658 seusus
303 599 492 664 communis,
519 601 661 668 quamvis
683 614 746 657 nou
769 601 864 671 pauci
884 601 1061 673 philosophi
1087 602 1123 658 de
1144 603 1202 659 bac

129 690 267 746 veritate
293 688 511 744 dubitaverint
534 692 590 745 aut
616 689 711 744 etiam
740 703 830 744 eam
828 690 1028 760 negaverint.
1059 691 1104 747 lid
1135 706 1201 748 rem

130 779 276 836 Tullius:

163 886 345 941 Maximum
353 888 429 940 verb
444 876 664 954 argumentum
680 886 728 941 esi
740 886 910 942 naturam
902 901 1003 956 ipsam
1020 887 1200 944 111111111-

127 958 251 1014 talitate
262 957 442 1012 animorum
457 957 585 1012 tacitam
598 957 753 1026 judicare,
768 958 849 1026 quod
863 957 1007 1014 omnibus
1018 973 1101 1014 curae
1115 961 1200 1027 sunt,

128 1029 267 1084 maxime
282 1027 418 1096 quidem,
435 1042 503 1096 quae
523 1029 596 1098 post
618 1029 751 1084 mortem
778 1027 1139 1113 11111111110111
1132 1045 1202 1102 ipsa

124 1099 369 1171 sepulchrorum
395 1099 608 1160 monumenta,
631 1099 706 1181 quid
725 1099 827 1168 elogia
849 1093 1039 1168 significant,
1061 1101 1122 1156 nisi
1144 1116 1200 1156 nos

124 1171 238 1226 futura
256 1185 313 1238 cog
295 1169 456 1225 riteret...
482 1171 651 1238 lnbaeret'
643 1185 676 1225 1n
704 1170 862 1226 mentibus
889 1173 979 1238 quasi
1007 1172 1197 1239 saeoiilorum

125 1241 285 1312 quoddam
309 1241 480 1311 augurium
492 1233 711 1298 1111111111
732 1243 824 1324 idque
847 1241 890 1313 in
902 1244 1049 1299 maximis
1063 1244 1204 1318 ingeniis

122 1313 354 1380 altissimisque
382 1313 507 1376 animis,
535 1316 565 1368 et
594 1313 716 1368 existit
732 1309 879 1374 maxime,
906 1315 937 1370 et
962 1316 1092 1386 apparet
1116 1315 1199 1370 facil·

125 1385 236 1440 lime...
254 1384 340 1447 Quod
356 1384 382 1438 si
397 1385 539 1440 omnium
554 1398 724 1440 consensus
740 1385 862 1439 naturae
879 1398 941 1440 vox
957 1391 1015 1447 est
1030 1399 1199 1455 omnesque

124 1455 183 1523 qui
215 1455 329 1524 ubique
351 1456 426 1510 sunt
454 1456 655 1510 consentiunt
676 1469 744 1511 esse
752 1453 883 1528 aliquid
899 1457 980 1522 quod
1005 1457 1043 1512 ad
1064 1472 1117 1513 eos
1132 1471 1199 1526 per-

126 1527 245 1668 timi)
245 1527 297 1594 qui
311 1541 328 1581 e
342 1526 410 1581 vitia
422 1529 594 1590 cesserunt,
616 1526 703 1581 nobis
720 1520 847 1596 quoque
857 1525 939 1610 idem
955 1529 1199 1583 existimandum

125 1612 162 1654 es

161 1731 227 1786 747.
242 1731 477 1805 Probationes
499 1727 655 1790 morales
677 1735 965 1791 immortalitatis
982 1735 1114 1790 animae
1128 1733 1199 1792 dis·

122 1820 332 1878 outiuntur.
350 1851 384 1864 -
408 1823 609 1880 probationes
644 1839 682 1880 ex
706 1825 870 1896 principiis
897 1823 1068 1880 moralibus
1098 1824 1200 1880 videri

124 1911 263 1982 possunt
274 1911 403 1967 incertae
417 1913 520 1982 primo
535 1913 672 1980 intuitu;
688 1913 752 1979 sed,
764 1914 790 1970 si
805 1913 932 1986 penitus
942 1927 994 1969 eas
1007 1907 1203 1982 scrutamur,

125 1999 250 2068 coguut
263 2013 436 2064 assensum.

166 2096 258 2152 l⁰Sic
277 2096 562 2153 demonstrativum
578 2100 626 2155 est
649 2101 872 2169 argumentum
894 2099 977 2168 quod
998 2099 1198 2154 1111111111
1269 2124 1273 2139 ·

124 2185 276 2256 appetitu
295 2187 433 2242 naturali
454 2187 673 2264 beatitudinis.
700 2190 778 2244 Sane
809 2189 980 2258 saepissime
1003 2187 1201 2244 frustrantur

121 2275 284 2332 desideria
300 2275 473 2333 hominum.
491 2277 723 2347 Sed-appetitus
743 2277 946 2332 beatitudinis
970 2291 1031 2333 non
1058 2278 1106 2333 est
1121 2277 1201 2332 desi·

121 2365 253 2420 derium
268 2365 402 2434 alicujus
426 2365 498 2422 boui
522 2367 733 2438 particularis,
752 2365 834 2434 quod
856 2380 937 2436 saepe
963 2366 1054 2420 modo
1079 2364 1201 2433 injusto

124 2455 179 2510 vel
194 2455 325 2526 propter
338 2455 550 2523 ignorantiam
561 2456 735 2527 appetitur;
751 2469 823 2509 uam
839 2457 887 2510 est
902 2451 1099 2532 desiderium
1112 2456 1201 2510 natu·

123 2545 195 2599 rale
223 2543 256 2598 et
279 2543 460 2622 invincibile
481 2543 553 2600 boni
577 2544 711 2615 perlecti
736 2545 767 2599 et
790 2544 924 2600 bonesti.
957 2544 1043 2599 Unde
1072 2545 1201 2600 creator

123 2632 207 2687 illud
223 2631 379 2686 frustrare
394 2646 455 2686 non
476 2623 590 2702 potest.
614 2635 675 2688 Nec
689 2631 825 2700 objicere
849 2633 923 2688 licet
945 2632 1045 2688 multa
1058 2632 1201 2688 viventia

123 2720 263 2791 (scilicet
277 2719 399 2790 plantas
412 2722 444 2776 et
458 2721 616 2792 animalia)
632 2721 782 2778 frustrari
795 2721 866 2789 line,
877 2722 908 2776 11
925 2723 982 2788 111,
998 2719 1201 2791 perfectione,

122 2811 201 2865 oiim
223 2809 396 2880 saepissime
419 2812 550 2880 pereant
570 2812 770 2881 praemature.
795 2813 870 2866 Nam
896 2811 990 2868 tinem
1020 2825 1112 2866 suum
1136 2825 1200 2866 non

126 2899 335 2967 cognoscunt.
437 2917 440 2923 ¹

160 2990 196 3040 20
211 2990 316 3057 Neque
330 2987 399 3042 leve
421 2988 470 3042 est
491 2988 713 3057 argumentum
737 3000 777 3042 ex
797 2986 925 3055 justitia
940 2985 1003 3043 De'i.
1021 2985 1205 3044 Sane‘beus‘

122 3093 192 3134 nou
207 3081 255 3133 est
269 3077 423 3132 creaturae
436 3076 521 3132 debit
508 3078 568 3132 t.or
589 3075 657 3140 Sed,
673 3076 838 3147 supposita
855 3078 1024 3134 creatione.
1041 3076 1121 3132 Deus
1138 3077 1206 3133 sibi¹

122 3165 219 3222 debet
234 3166 371 3220 uttorea
360 3171 432 3219 tura
453 3163 542 3232 justa
564 3159 659 3219 tinem
683 3177 777 3219 suum
800 3164 946 3220 ultimum
972 3164 1197 3230 1111111111-

122 3256 205 3312 licet
219 3255 319 3309 beatit
321 3253 448 3309 udinem
463 3251 531 3310 sirie
547 3253 619 3309 fine.
1058 3273 1059 3279 ¹

160 3354 196 3408 30
210 3354 315 3420 Neque
330 3352 423 3422 parvi
447 3351 613 3421 pendimus
637 3351 859 3420 argumentum
874 3363 913 3405 ex
935 3364 1089 3406 consensu
1104 3366 1201 3422 popu·

119 3445 244 3500 lorum.
264 3442 342 3495 Nam
362 3440 412 3496 bic
427 3453 607 3510 consensus,
624 3440 695 3494 cum
710 3440 857 3496 versetur
871 3439 953 3494 cirea
966 3439 1199 3496 conclusionem

120 3531 293 3596 moralem,
313 3528 460 3588 omnibus
472 3527 682 3603 *necessariam
705 3530 737 3584 et
749 3527 863 3598 aliquo
887 3527 978 3586 modo
997 3528 1133 3606 obviam,
1153 3531 1203 3584 est

118 3620 294 3680 criterium
310 3617 526 3694 certissimum
542 3616 698 3673 veritatis.
751 3679 762 3694 .

156 3817 194 3881 (1)
212 3814 340 3873 Turnat,
351 3813 371 3864 l.
388 3813 408 3870 l,
423 3826 466 3876 op.
479 3827 539 3861 xm.
