<?xml version="1.0" encoding="UTF-8"?>
<!DOCTYPE html PUBLIC "-//W3C//DTD XHTML 1.0 Transitional//EN"
    "http://www.w3.org/TR/xhtml1/DTD/xhtml1-transitional.dtd">
<html xmlns="http://www.w3.org/1999/xhtml" xml:lang="en" lang="en">
 <head>
  <title>
</title>
<meta http-equiv="Content-Type" content="text/html;charset=utf-8" />
  <meta name='ocr-system' content='tesseract 3.04.00' />
  <meta name='ocr-capabilities' content='ocr_page ocr_carea ocr_par ocr_line ocrx_word'/>
</head>
<body>
  <div class='ocr_page' id='page_1' title='image "./manualephilosop00blangoog_0375.png"; bbox 0 0 2902 4548; ppageno 0'>
   <div class='ocr_carea' id='block_1_1' title="bbox 260 422 845 476">
    <p class='ocr_par' dir='ltr' id='par_1_1' title="bbox 260 422 845 476">
     <span class='ocr_line' id='line_1_1' title="bbox 260 422 845 476; baseline -0.002 0"><span class='ocrx_word' id='word_1_1' title='bbox 260 422 314 476; x_wconf 71' lang='lat'><strong><em>374</em></strong></span> <span class='ocrx_word' id='word_1_2' title='bbox 751 436 845 476; x_wconf 72' lang='lat' dir='ltr'><strong><em>tunes</em></strong></span> 
     </span>
    </p>
   </div>
   <div class='ocr_carea' id='block_1_2' title="bbox 257 541 1339 1320">
    <p class='ocr_par' dir='ltr' id='par_1_2' title="bbox 257 541 1339 1320">
     <span class='ocr_line' id='line_1_2' title="bbox 291 541 1339 606; baseline -0.006 -12"><span class='ocrx_word' id='word_1_3' title='bbox 291 545 396 594; x_wconf 79' lang='lat' dir='ltr'><strong><em>Tussis.</em></strong></span> <span class='ocrx_word' id='word_1_4' title='bbox 408 573 440 582; x_wconf 95' lang='lat'>-</span> <span class='ocrx_word' id='word_1_5' title='bbox 457 543 619 594; x_wconf 70' lang='lat' dir='ltr'><strong><em>Intellectus</em></strong></span> <span class='ocrx_word' id='word_1_6' title='bbox 636 544 778 594; x_wconf 76' lang='lat' dir='ltr'><strong><em>numanus</em></strong></span> <span class='ocrx_word' id='word_1_7' title='bbox 793 557 953 606; x_wconf 86' lang='lat' dir='ltr'><strong><em>cognoscere</em></strong></span> <span class='ocrx_word' id='word_1_8' title='bbox 963 551 1059 606; x_wconf 83' lang='lat' dir='ltr'><strong><em>potest.</em></strong></span> <span class='ocrx_word' id='word_1_9' title='bbox 1072 541 1169 606; x_wconf 82' lang='lat' dir='ltr'><strong><em>aliquo</em></strong></span> <span class='ocrx_word' id='word_1_10' title='bbox 1185 541 1265 590; x_wconf 91' lang='lat' dir='ltr'><strong><em>modo</em></strong></span> <span class='ocrx_word' id='word_1_11' title='bbox 1279 541 1339 589; x_wconf 91' lang='lat' dir='ltr'><strong><em>sal-</em></strong></span> 
     </span>
     <span class='ocr_line' id='line_1_3' title="bbox 260 612 1336 682; baseline -0.007 -14"><span class='ocrx_word' id='word_1_12' title='bbox 260 626 322 674; x_wconf 85' lang='lat' dir='ltr'><strong><em>tttn,</em></strong></span> <span class='ocrx_word' id='word_1_13' title='bbox 333 616 470 682; x_wconf 77' lang='lat' dir='ltr'><strong><em>quidquid</em></strong></span> <span class='ocrx_word' id='word_1_14' title='bbox 486 617 517 665; x_wconf 85' lang='lat' dir='ltr'><strong><em>de</em></strong></span> <span class='ocrx_word' id='word_1_15' title='bbox 531 625 592 665; x_wconf 87' lang='lat' dir='ltr'><strong><em>ente</em></strong></span> <span class='ocrx_word' id='word_1_16' title='bbox 597 615 761 679; x_wconf 79' lang='lat' dir='ltr'><strong><em>participat.</em></strong></span> <span class='ocrx_word' id='word_1_17' title='bbox 773 643 804 651; x_wconf 99' lang='lat'>-</span> <span class='ocrx_word' id='word_1_18' title='bbox 813 615 944 664; x_wconf 77' lang='lat' dir='ltr'><strong><em>Attamen</em></strong></span> <span class='ocrx_word' id='word_1_19' title='bbox 959 613 1020 676; x_wconf 88' lang='lat' dir='ltr'><strong><em>ejus</em></strong></span> <span class='ocrx_word' id='word_1_20' title='bbox 1030 613 1167 674; x_wconf 88' lang='lat' dir='ltr'><strong><em>objectum</em></strong></span> <span class='ocrx_word' id='word_1_21' title='bbox 1177 612 1336 674; x_wconf 82' lang='lat' dir='ltr'><strong><em>proprium</em></strong></span> 
     </span>
     <span class='ocr_line' id='line_1_4' title="bbox 258 683 1334 738; baseline -0.007 0"><span class='ocrx_word' id='word_1_22' title='bbox 258 698 284 738; x_wconf 92' lang='lat' dir='ltr'><strong><em>et</em></strong></span> <span class='ocrx_word' id='word_1_23' title='bbox 298 688 435 738; x_wconf 86' lang='lat' dir='ltr'><strong><em>directum</em></strong></span> <span class='ocrx_word' id='word_1_24' title='bbox 446 696 514 736; x_wconf 85' lang='lat' dir='ltr'><strong><em>sunt</em></strong></span> <span class='ocrx_word' id='word_1_25' title='bbox 526 687 698 736; x_wconf 77' lang='lat' dir='ltr'><em>solummodo</em></span> <span class='ocrx_word' id='word_1_26' title='bbox 715 686 841 736; x_wconf 72' lang='lat' dir='ltr'><strong><em>essentiae</em></strong></span> <span class='ocrx_word' id='word_1_27' title='bbox 854 685 999 734; x_wconf 76' lang='lat' dir='ltr'><strong><em>abstractu</em></strong></span> <span class='ocrx_word' id='word_1_28' title='bbox 1009 700 1027 734; x_wconf 90' lang='lat' dir='ltr'><strong><em>a</em></strong></span> <span class='ocrx_word' id='word_1_29' title='bbox 1043 685 1124 733; x_wconf 86' lang='lat' dir='ltr'><strong><em>rebus</em></strong></span> <span class='ocrx_word' id='word_1_30' title='bbox 1141 683 1334 732; x_wconf 83' lang='lat' dir='ltr'><strong><em>sensibilibus-</em></strong></span> 
     </span>
     <span class='ocr_line' id='line_1_5' title="bbox 258 755 1334 822; baseline -0.007 -14"><span class='ocrx_word' id='word_1_31' title='bbox 258 787 289 798; x_wconf 88' lang='lat'>—</span> <span class='ocrx_word' id='word_1_32' title='bbox 303 760 391 818; x_wconf 84' lang='lat' dir='ltr'><strong><em>Unde,</em></strong></span> <span class='ocrx_word' id='word_1_33' title='bbox 404 774 439 808; x_wconf 82' lang='lat' dir='ltr'><strong><em>ea</em></strong></span> <span class='ocrx_word' id='word_1_34' title='bbox 453 759 513 808; x_wconf 82' lang='lat' dir='ltr'><strong><em>und</em></strong></span> <span class='ocrx_word' id='word_1_35' title='bbox 522 767 613 822; x_wconf 85' lang='lat' dir='ltr'><strong><em>parte,</em></strong></span> <span class='ocrx_word' id='word_1_36' title='bbox 633 758 783 807; x_wconf 74' lang='lat' dir='ltr'><strong><em>matiriom</em></strong></span> <span class='ocrx_word' id='word_1_37' title='bbox 800 756 938 820; x_wconf 84' lang='lat' dir='ltr'><strong><em>cognoscit</em></strong></span> <span class='ocrx_word' id='word_1_38' title='bbox 953 755 1191 810; x_wconf 86' lang='lat' dir='ltr'><strong><em>immaterialiter,</em></strong></span> <span class='ocrx_word' id='word_1_39' title='bbox 1210 755 1334 802; x_wconf 83' lang='lat' dir='ltr'><strong><em>univer-</em></strong></span> 
     </span>
     <span class='ocr_line' id='line_1_6' title="bbox 257 825 1334 892; baseline -0.006 -13"><span class='ocrx_word' id='word_1_40' title='bbox 257 831 365 886; x_wconf 85' lang='lat' dir='ltr'><strong><em>saliter,</em></strong></span> <span class='ocrx_word' id='word_1_41' title='bbox 381 831 542 886; x_wconf 83' lang='lat' dir='ltr'><strong><em>necessario,</em></strong></span> <span class='ocrx_word' id='word_1_42' title='bbox 563 829 674 886; x_wconf 87' lang='lat' dir='ltr'><strong><em>scilicet,</em></strong></span> <span class='ocrx_word' id='word_1_43' title='bbox 694 829 772 878; x_wconf 90' lang='lat' dir='ltr'><strong><em>modo</em></strong></span> <span class='ocrx_word' id='word_1_44' title='bbox 796 828 845 892; x_wconf 86' lang='lat' dir='ltr'><strong><em>gui</em></strong></span> <span class='ocrx_word' id='word_1_45' title='bbox 863 827 993 890; x_wconf 77' lang='lat' dir='ltr'><strong><em>superior</em></strong></span> <span class='ocrx_word' id='word_1_46' title='bbox 1009 835 1049 875; x_wconf 84' lang='lat' dir='ltr'><strong><em>est</em></strong></span> <span class='ocrx_word' id='word_1_47' title='bbox 1062 828 1116 890; x_wconf 89' lang='lat' dir='ltr'><strong><em>ipsi</em></strong></span> <span class='ocrx_word' id='word_1_48' title='bbox 1137 825 1287 885; x_wconf 86' lang='lat' dir='ltr'><strong><em>materioe;</em></strong></span> <span class='ocrx_word' id='word_1_49' title='bbox 1307 835 1334 873; x_wconf 88' lang='lat' dir='ltr'><strong><em>et</em></strong></span> 
     </span>
     <span class='ocr_line' id='line_1_7' title="bbox 258 897 1332 964; baseline -0.007 -13"><span class='ocrx_word' id='word_1_50' title='bbox 258 903 383 958; x_wconf 80' lang='lat' dir='ltr'><strong><em>aliunde,</em></strong></span> <span class='ocrx_word' id='word_1_51' title='bbox 400 903 488 950; x_wconf 88' lang='lat' dir='ltr'><strong><em>Deum</em></strong></span> <span class='ocrx_word' id='word_1_52' title='bbox 508 909 533 950; x_wconf 90' lang='lat' dir='ltr'><strong><em>et</em></strong></span> <span class='ocrx_word' id='word_1_53' title='bbox 553 901 668 964; x_wconf 83' lang='lat' dir='ltr'><strong><em>angelos</em></strong></span> <span class='ocrx_word' id='word_1_54' title='bbox 684 906 822 963; x_wconf 81' lang='lat' dir='ltr'><strong><em>cogtmcoit</em></strong></span> <span class='ocrx_word' id='word_1_55' title='bbox 838 900 916 948; x_wconf 88' lang='lat' dir='ltr'><strong><em>modo</em></strong></span> <span class='ocrx_word' id='word_1_56' title='bbox 937 899 987 962; x_wconf 83' lang='lat' dir='ltr'><strong><em>gui</em></strong></span> <span class='ocrx_word' id='word_1_57' title='bbox 1003 907 1043 946; x_wconf 87' lang='lat' dir='ltr'><strong><em>est</em></strong></span> <span class='ocrx_word' id='word_1_58' title='bbox 1062 897 1130 960; x_wconf 82' lang='lat' dir='ltr'><strong><em>ipsis</em></strong></span> <span class='ocrx_word' id='word_1_59' title='bbox 1148 897 1281 960; x_wconf 74' lang='lat' dir='ltr'><strong><em>interior.</em></strong></span> <span class='ocrx_word' id='word_1_60' title='bbox 1299 925 1332 933; x_wconf 91' lang='lat'>—</span> 
     </span>
     <span class='ocr_line' id='line_1_8' title="bbox 258 969 1333 1034; baseline -0.007 -11"><span class='ocrx_word' id='word_1_61' title='bbox 258 973 440 1023; x_wconf 88' lang='lat' dir='ltr'><strong><em>Particulare</em></strong></span> <span class='ocrx_word' id='word_1_62' title='bbox 460 973 588 1022; x_wconf 78' lang='lat' dir='ltr'><strong><em>sensibile</em></strong></span> <span class='ocrx_word' id='word_1_63' title='bbox 608 972 745 1034; x_wconf 90' lang='lat' dir='ltr'><strong><em>cognoscit</em></strong></span> <span class='ocrx_word' id='word_1_64' title='bbox 764 972 843 1020; x_wconf 85' lang='lat' dir='ltr'><strong><em>modo</em></strong></span> <span class='ocrx_word' id='word_1_65' title='bbox 865 971 1009 1020; x_wconf 85' lang='lat' dir='ltr'><strong><em>indirecto.</em></strong></span> <span class='ocrx_word' id='word_1_66' title='bbox 1026 997 1058 1006; x_wconf 99' lang='lat'>-</span> <span class='ocrx_word' id='word_1_67' title='bbox 1080 969 1208 1030; x_wconf 83' lang='lat' dir='ltr'><strong><em>Seipsum</em></strong></span> <span class='ocrx_word' id='word_1_68' title='bbox 1233 976 1333 1016; x_wconf 87' lang='lat' dir='ltr'><strong><em>autem</em></strong></span> 
     </span>
     <span class='ocr_line' id='line_1_9' title="bbox 257 1040 1335 1106; baseline -0.004 -14"><span class='ocrx_word' id='word_1_69' title='bbox 257 1044 395 1106; x_wconf 89' lang='lat' dir='ltr'><strong><em>cognoscit</em></strong></span> <span class='ocrx_word' id='word_1_70' title='bbox 409 1059 465 1093; x_wconf 96' lang='lat' dir='ltr'><strong><em>non</em></strong></span> <span class='ocrx_word' id='word_1_71' title='bbox 476 1059 528 1106; x_wconf 90' lang='lat' dir='ltr'><strong><em>per</em></strong></span> <span class='ocrx_word' id='word_1_72' title='bbox 541 1057 623 1092; x_wconf 89' lang='lat' dir='ltr'><strong><em>snam</em></strong></span> <span class='ocrx_word' id='word_1_73' title='bbox 636 1043 793 1098; x_wconf 85' lang='lat' dir='ltr'><strong><em>essentiam,</em></strong></span> <span class='ocrx_word' id='word_1_74' title='bbox 811 1043 857 1090; x_wconf 87' lang='lat' dir='ltr'><strong><em>sed</em></strong></span> <span class='ocrx_word' id='word_1_75' title='bbox 869 1057 921 1104; x_wconf 86' lang='lat' dir='ltr'><strong><em>per</em></strong></span> <span class='ocrx_word' id='word_1_76' title='bbox 936 1057 1001 1090; x_wconf 85' lang='lat' dir='ltr'><strong><em>suos</em></strong></span> <span class='ocrx_word' id='word_1_77' title='bbox 1010 1049 1096 1089; x_wconf 84' lang='lat' dir='ltr'><strong><em>octus.</em></strong></span> <span class='ocrx_word' id='word_1_78' title='bbox 1115 1067 1146 1076; x_wconf 99' lang='lat'>-</span> <span class='ocrx_word' id='word_1_79' title='bbox 1160 1040 1207 1088; x_wconf 81' lang='lat' dir='ltr'><strong><em>En</em></strong></span> <span class='ocrx_word' id='word_1_80' title='bbox 1220 1041 1335 1088; x_wconf 75' lang='lat' dir='ltr'><strong><em>naturis</em></strong></span> 
     </span>
     <span class='ocr_line' id='line_1_10' title="bbox 257 1111 1331 1178; baseline -0.006 -14"><span class='ocrx_word' id='word_1_81' title='bbox 257 1115 415 1165; x_wconf 76' lang='lat' dir='ltr'><strong><em>intellectas</em></strong></span> <span class='ocrx_word' id='word_1_82' title='bbox 432 1115 551 1164; x_wconf 84' lang='lat' dir='ltr'><strong><em>bumcni</em></strong></span> <span class='ocrx_word' id='word_1_83' title='bbox 571 1115 699 1178; x_wconf 82' lang='lat' dir='ltr'><strong><em>sequitur</em></strong></span> <span class='ocrx_word' id='word_1_84' title='bbox 722 1113 806 1162; x_wconf 87' lang='lat' dir='ltr'><strong><em>etiam</em></strong></span> <span class='ocrx_word' id='word_1_85' title='bbox 825 1113 937 1176; x_wconf 83' lang='lat' dir='ltr'><strong><em>primas</em></strong></span> <span class='ocrx_word' id='word_1_86' title='bbox 960 1113 1036 1160; x_wconf 85' lang='lat' dir='ltr'><strong><em>ideas</em></strong></span> <span class='ocrx_word' id='word_1_87' title='bbox 1060 1126 1115 1160; x_wconf 85' lang='lat' dir='ltr'><strong><em>esse</em></strong></span> <span class='ocrx_word' id='word_1_88' title='bbox 1133 1111 1258 1159; x_wconf 71' lang='lat' dir='ltr'><strong><em>manime</em></strong></span> <span class='ocrx_word' id='word_1_89' title='bbox 1278 1126 1331 1172; x_wconf 84' lang='lat' dir='ltr'><strong><em>ge-</em></strong></span> 
     </span>
     <span class='ocr_line' id='line_1_11' title="bbox 257 1183 1332 1249; baseline -0.005 -14"><span class='ocrx_word' id='word_1_90' title='bbox 257 1187 367 1236; x_wconf 84' lang='lat' dir='ltr'><strong><em>nerales</em></strong></span> <span class='ocrx_word' id='word_1_91' title='bbox 379 1195 405 1234; x_wconf 91' lang='lat' dir='ltr'><strong><em>et</em></strong></span> <span class='ocrx_word' id='word_1_92' title='bbox 414 1187 562 1248; x_wconf 57' lang='lat' dir='ltr'><strong><em>confusam</em></strong></span> <span class='ocrx_word' id='word_1_93' title='bbox 571 1186 645 1234; x_wconf 86' lang='lat' dir='ltr'><strong><em>unde</em></strong></span> <span class='ocrx_word' id='word_1_94' title='bbox 654 1185 754 1249; x_wconf 86' lang='lat' dir='ltr'><strong><em>prima</em></strong></span> <span class='ocrx_word' id='word_1_95' title='bbox 770 1184 832 1233; x_wconf 90' lang='lat' dir='ltr'><strong><em>idea</em></strong></span> <span class='ocrx_word' id='word_1_96' title='bbox 842 1199 904 1247; x_wconf 81' lang='lat' dir='ltr'><strong><em>quoe</em></strong></span> <span class='ocrx_word' id='word_1_97' title='bbox 916 1184 990 1232; x_wconf 87' lang='lat' dir='ltr'><strong><em>cadit</em></strong></span> <span class='ocrx_word' id='word_1_98' title='bbox 1004 1184 1036 1232; x_wconf 91' lang='lat' dir='ltr'><strong><em>in</em></strong></span> <span class='ocrx_word' id='word_1_99' title='bbox 1046 1183 1219 1232; x_wconf 86' lang='lat' dir='ltr'><strong><em>intellectum</em></strong></span> <span class='ocrx_word' id='word_1_100' title='bbox 1230 1183 1332 1230; x_wconf 86' lang='lat' dir='ltr'><strong><em>buma-</em></strong></span> 
     </span>
     <span class='ocr_line' id='line_1_12' title="bbox 258 1255 1028 1320; baseline -0.004 -13"><span class='ocrx_word' id='word_1_101' title='bbox 258 1272 328 1307; x_wconf 89' lang='lat' dir='ltr'><strong><em>num</em></strong></span> <span class='ocrx_word' id='word_1_102' title='bbox 340 1267 379 1306; x_wconf 81' lang='lat' dir='ltr'><strong><em>est</em></strong></span> <span class='ocrx_word' id='word_1_103' title='bbox 390 1258 452 1306; x_wconf 91' lang='lat' dir='ltr'><strong><em>idea</em></strong></span> <span class='ocrx_word' id='word_1_104' title='bbox 466 1258 538 1306; x_wconf 90' lang='lat' dir='ltr'><strong><em>entis</em></strong></span> <span class='ocrx_word' id='word_1_105' title='bbox 551 1257 583 1305; x_wconf 92' lang='lat' dir='ltr'><strong><em>in</em></strong></span> <span class='ocrx_word' id='word_1_106' title='bbox 594 1271 703 1320; x_wconf 88' lang='lat' dir='ltr'><strong><em>genere,</em></strong></span> <span class='ocrx_word' id='word_1_107' title='bbox 717 1270 773 1304; x_wconf 92' lang='lat' dir='ltr'><strong><em>non</em></strong></span> <span class='ocrx_word' id='word_1_108' title='bbox 785 1265 880 1304; x_wconf 86' lang='lat' dir='ltr'><strong><em>autem</em></strong></span> <span class='ocrx_word' id='word_1_109' title='bbox 892 1255 955 1303; x_wconf 90' lang='lat' dir='ltr'><strong><em>ideo</em></strong></span> <span class='ocrx_word' id='word_1_110' title='bbox 969 1255 1028 1304; x_wconf 89' lang='lat' dir='ltr'><strong><em>Dei.</em></strong></span> 
     </span>
    </p>
   </div>
   <div class='ocr_carea' id='block_1_3' title="bbox 256 1342 1335 2052">
    <p class='ocr_par' dir='ltr' id='par_1_3' title="bbox 256 1342 1335 2052">
     <span class='ocr_line' id='line_1_13' title="bbox 289 1342 1333 1408; baseline -0.003 -13"><span class='ocrx_word' id='word_1_111' title='bbox 289 1345 344 1396; x_wconf 82' lang='lat'>955.</span> <span class='ocrx_word' id='word_1_112' title='bbox 360 1347 518 1396; x_wconf 79' lang='lat' dir='ltr'><strong><em>Intellectus</em></strong></span> <span class='ocrx_word' id='word_1_113' title='bbox 533 1346 671 1394; x_wconf 87' lang='lat' dir='ltr'><strong><em>humanus</em></strong></span> <span class='ocrx_word' id='word_1_114' title='bbox 685 1357 847 1407; x_wconf 75' lang='lat' dir='ltr'><strong><em>cognoscere</em></strong></span> <span class='ocrx_word' id='word_1_115' title='bbox 861 1349 950 1408; x_wconf 83' lang='lat' dir='ltr'><strong><em>potest</em></strong></span> <span class='ocrx_word' id='word_1_116' title='bbox 966 1343 1103 1408; x_wconf 90' lang='lat' dir='ltr'><strong><em>quidquid</em></strong></span> <span class='ocrx_word' id='word_1_117' title='bbox 1114 1342 1147 1391; x_wconf 90' lang='lat' dir='ltr'><strong><em>de</em></strong></span> <span class='ocrx_word' id='word_1_118' title='bbox 1163 1349 1226 1392; x_wconf 90' lang='lat' dir='ltr'><strong><em>ente</em></strong></span> <span class='ocrx_word' id='word_1_119' title='bbox 1240 1344 1333 1408; x_wconf 86' lang='lat' dir='ltr'><strong><em>parti-</em></strong></span> 
     </span>
     <span class='ocr_line' id='line_1_14' title="bbox 259 1413 1332 1482; baseline -0.006 -14"><span class='ocrx_word' id='word_1_120' title='bbox 259 1419 343 1482; x_wconf 84' lang='lat' dir='ltr'><strong><em>cipat.</em></strong></span> <span class='ocrx_word' id='word_1_121' title='bbox 362 1443 390 1452; x_wconf 94' lang='lat'><em>—</em></span> <span class='ocrx_word' id='word_1_122' title='bbox 404 1417 459 1468; x_wconf 84' lang='lat'>956.</span> <span class='ocrx_word' id='word_1_123' title='bbox 473 1417 615 1481; x_wconf 89' lang='lat' dir='ltr'><strong><em>Objectum</em></strong></span> <span class='ocrx_word' id='word_1_124' title='bbox 629 1416 771 1481; x_wconf 86' lang='lat' dir='ltr'><strong><em>proprium</em></strong></span> <span class='ocrx_word' id='word_1_125' title='bbox 795 1422 821 1465; x_wconf 87' lang='lat' dir='ltr'><strong><em>ct</em></strong></span> <span class='ocrx_word' id='word_1_126' title='bbox 837 1415 972 1464; x_wconf 85' lang='lat' dir='ltr'><strong><em>directum</em></strong></span> <span class='ocrx_word' id='word_1_127' title='bbox 987 1413 1145 1463; x_wconf 75' lang='lat' dir='ltr'><strong><em>intellectis</em></strong></span> <span class='ocrx_word' id='word_1_128' title='bbox 1159 1415 1287 1464; x_wconf 89' lang='lat' dir='ltr'><strong><em>humaui.</em></strong></span> <span class='ocrx_word' id='word_1_129' title='bbox 1300 1443 1332 1452; x_wconf 99' lang='lat'>-</span> 
     </span>
     <span class='ocr_line' id='line_1_15' title="bbox 258 1485 1333 1550; baseline -0.002 -12"><span class='ocrx_word' id='word_1_130' title='bbox 258 1489 312 1539; x_wconf 85' lang='grc'><strong>967.</strong></span> <span class='ocrx_word' id='word_1_131' title='bbox 339 1489 497 1538; x_wconf 75' lang='lat' dir='ltr'><strong><em>Intellectus</em></strong></span> <span class='ocrx_word' id='word_1_132' title='bbox 523 1488 662 1550; x_wconf 77' lang='lat' dir='ltr'><strong><em>cognoscit</em></strong></span> <span class='ocrx_word' id='word_1_133' title='bbox 689 1487 769 1538; x_wconf 88' lang='lat' dir='ltr'><strong><em>sicuti</em></strong></span> <span class='ocrx_word' id='word_1_134' title='bbox 796 1494 844 1536; x_wconf 86' lang='lat' dir='ltr'><strong><em>est.</em></strong></span> <span class='ocrx_word' id='word_1_135' title='bbox 864 1503 895 1523; x_wconf 66' lang='grc'><strong><em>’-</em></strong></span> <span class='ocrx_word' id='word_1_136' title='bbox 918 1486 974 1535; x_wconf 84' lang='grc'><strong>958.</strong></span> <span class='ocrx_word' id='word_1_137' title='bbox 998 1485 1140 1544; x_wconf 84' lang='lat' dir='ltr'><em>Quomodo</em></span> <span class='ocrx_word' id='word_1_138' title='bbox 1168 1486 1333 1536; x_wconf 84' lang='lat' dir='ltr'><strong><em>intellectus</em></strong></span> 
     </span>
     <span class='ocr_line' id='line_1_16' title="bbox 259 1557 1333 1622; baseline -0.004 -12"><span class='ocrx_word' id='word_1_139' title='bbox 259 1562 396 1610; x_wconf 85' lang='lat' dir='ltr'><strong><em>humanus</em></strong></span> <span class='ocrx_word' id='word_1_140' title='bbox 411 1559 551 1610; x_wconf 75' lang='lat' dir='ltr'><strong><em>materiem</em></strong></span> <span class='ocrx_word' id='word_1_141' title='bbox 571 1559 717 1622; x_wconf 84' lang='lat' dir='ltr'><strong><em>cognoscit.</em></strong></span> <span class='ocrx_word' id='word_1_142' title='bbox 731 1587 762 1594; x_wconf 97' lang='lat'>—</span> <span class='ocrx_word' id='word_1_143' title='bbox 777 1558 836 1609; x_wconf 79' lang='grc'><strong>959.</strong></span> <span class='ocrx_word' id='word_1_144' title='bbox 857 1557 998 1615; x_wconf 86' lang='lat' dir='ltr'><strong><em>Quomodo</em></strong></span> <span class='ocrx_word' id='word_1_145' title='bbox 1016 1557 1174 1606; x_wconf 89' lang='lat' dir='ltr'><strong><em>intellectus</em></strong></span> <span class='ocrx_word' id='word_1_146' title='bbox 1190 1558 1333 1608; x_wconf 88' lang='lat' dir='ltr'><strong><em>humanus</em></strong></span> 
     </span>
     <span class='ocr_line' id='line_1_17' title="bbox 258 1629 1335 1695; baseline -0.001 -15"><span class='ocrx_word' id='word_1_147' title='bbox 258 1631 345 1680; x_wconf 91' lang='lat' dir='ltr'><strong><em>Deum</em></strong></span> <span class='ocrx_word' id='word_1_148' title='bbox 370 1638 396 1680; x_wconf 87' lang='lat' dir='ltr'><strong><em>ct</em></strong></span> <span class='ocrx_word' id='word_1_149' title='bbox 423 1630 742 1695; x_wconf 86' lang='lat' dir='ltr'><strong><em>spirituscoguoscit.-</em></strong></span> <span class='ocrx_word' id='word_1_150' title='bbox 759 1629 812 1679; x_wconf 86' lang='grc'><strong>960.</strong></span> <span class='ocrx_word' id='word_1_151' title='bbox 838 1629 978 1687; x_wconf 85' lang='lat' dir='ltr'><strong><em>Quomodo</em></strong></span> <span class='ocrx_word' id='word_1_152' title='bbox 1007 1629 1164 1678; x_wconf 84' lang='lat' dir='ltr'><strong><em>intellectus</em></strong></span> <span class='ocrx_word' id='word_1_153' title='bbox 1189 1629 1335 1679; x_wconf 85' lang='lat' dir='ltr'><strong><em>humanus</em></strong></span> 
     </span>
     <span class='ocr_line' id='line_1_18' title="bbox 258 1700 1332 1768; baseline -0.003 -15"><span class='ocrx_word' id='word_1_154' title='bbox 258 1702 397 1765; x_wconf 76' lang='lat' dir='ltr'><strong><em>cognoscit</em></strong></span> <span class='ocrx_word' id='word_1_155' title='bbox 411 1701 728 1768; x_wconf 29' lang='lat' dir='ltr'><strong><em>particulare&#39;sensibile.</em></strong></span> <span class='ocrx_word' id='word_1_156' title='bbox 744 1729 775 1737; x_wconf 91' lang='lat'>-</span> <span class='ocrx_word' id='word_1_157' title='bbox 789 1700 845 1750; x_wconf 84' lang='lat'>961.</span> <span class='ocrx_word' id='word_1_158' title='bbox 863 1701 1004 1758; x_wconf 87' lang='lat' dir='ltr'><strong><em>Quomodo</em></strong></span> <span class='ocrx_word' id='word_1_159' title='bbox 1017 1700 1176 1750; x_wconf 87' lang='lat' dir='ltr'><strong><em>intellectus</em></strong></span> <span class='ocrx_word' id='word_1_160' title='bbox 1189 1700 1332 1750; x_wconf 86' lang='lat' dir='ltr'><strong><em>humanus</em></strong></span> 
     </span>
     <span class='ocr_line' id='line_1_19' title="bbox 257 1772 1333 1837; baseline -0.004 -13"><span class='ocrx_word' id='word_1_161' title='bbox 257 1775 378 1837; x_wconf 87' lang='lat' dir='ltr'><strong><em>scipsum</em></strong></span> <span class='ocrx_word' id='word_1_162' title='bbox 404 1772 666 1837; x_wconf 74' lang='lat' dir='ltr'><strong><em>cognoscit-962.</em></strong></span> <span class='ocrx_word' id='word_1_163' title='bbox 689 1772 788 1821; x_wconf 82' lang='lat' dir='ltr'><strong><em>Primae</em></strong></span> <span class='ocrx_word' id='word_1_164' title='bbox 805 1773 873 1820; x_wconf 80' lang='lat' dir='ltr'><strong><em>ideae</em></strong></span> <span class='ocrx_word' id='word_1_165' title='bbox 898 1779 964 1821; x_wconf 92' lang='lat' dir='ltr'><strong><em>sunt</em></strong></span> <span class='ocrx_word' id='word_1_166' title='bbox 988 1773 1103 1820; x_wconf 84' lang='lat' dir='ltr'><strong><em>maxime</em></strong></span> <span class='ocrx_word' id='word_1_167' title='bbox 1123 1772 1276 1834; x_wconf 78' lang='lat' dir='ltr'><strong><em>generales.</em></strong></span> <span class='ocrx_word' id='word_1_168' title='bbox 1300 1803 1333 1811; x_wconf 84' lang='lat'>-</span> 
     </span>
     <span class='ocr_line' id='line_1_20' title="bbox 256 1842 1332 1908; baseline -0.005 -12"><span class='ocrx_word' id='word_1_169' title='bbox 256 1845 314 1896; x_wconf 86' lang='grc'><strong>963.</strong></span> <span class='ocrx_word' id='word_1_170' title='bbox 337 1845 507 1908; x_wconf 80' lang='lat' dir='ltr'><strong><em>cognitionis</em></strong></span> <span class='ocrx_word' id='word_1_171' title='bbox 527 1845 722 1894; x_wconf 82' lang='lat' dir='ltr'><strong><em>intellectualis</em></strong></span> <span class='ocrx_word' id='word_1_172' title='bbox 745 1852 772 1893; x_wconf 90' lang='lat' dir='ltr'><strong><em>ct</em></strong></span> <span class='ocrx_word' id='word_1_173' title='bbox 796 1844 960 1906; x_wconf 81' lang='lat' dir='ltr'><strong><em>cognitionis</em></strong></span> <span class='ocrx_word' id='word_1_174' title='bbox 979 1843 1116 1892; x_wconf 83' lang='lat' dir='ltr'><strong><em>sensibilis</em></strong></span> <span class='ocrx_word' id='word_1_175' title='bbox 1141 1842 1278 1905; x_wconf 85' lang='lat' dir='ltr'><strong><em>analogia.</em></strong></span> <span class='ocrx_word' id='word_1_176' title='bbox 1299 1872 1332 1882; x_wconf 88' lang='lat'><em>-</em></span> 
     </span>
     <span class='ocr_line' id='line_1_21' title="bbox 257 1913 1333 1979; baseline -0.002 -13"><span class='ocrx_word' id='word_1_177' title='bbox 257 1916 312 1966; x_wconf 87' lang='grc'><strong>964.</strong></span> <span class='ocrx_word' id='word_1_178' title='bbox 332 1916 472 1974; x_wconf 86' lang='lat' dir='ltr'><strong><em>Quomodo</em></strong></span> <span class='ocrx_word' id='word_1_179' title='bbox 492 1916 606 1966; x_wconf 86' lang='lat' dir='ltr'><strong><em>scientia</em></strong></span> <span class='ocrx_word' id='word_1_180' title='bbox 627 1917 774 1975; x_wconf 78' lang='lat' dir='ltr'><strong><em>enascitur,</em></strong></span> <span class='ocrx_word' id='word_1_181' title='bbox 789 1915 897 1979; x_wconf 80' lang='lat' dir='ltr'><strong><em>proficit</em></strong></span> <span class='ocrx_word' id='word_1_182' title='bbox 910 1921 937 1964; x_wconf 90' lang='lat' dir='ltr'><strong><em>et</em></strong></span> <span class='ocrx_word' id='word_1_183' title='bbox 950 1916 1100 1979; x_wconf 84' lang='lat' dir='ltr'><strong><em>perficitur.</em></strong></span> <span class='ocrx_word' id='word_1_184' title='bbox 1113 1941 1145 1952; x_wconf 91' lang='grc'><strong>-</strong></span> <span class='ocrx_word' id='word_1_185' title='bbox 1158 1913 1215 1966; x_wconf 83' lang='grc'><strong>965.</strong></span> <span class='ocrx_word' id='word_1_186' title='bbox 1233 1913 1333 1965; x_wconf 81' lang='lat' dir='ltr'><strong><em>Prima</em></strong></span> 
     </span>
     <span class='ocr_line' id='line_1_22' title="bbox 258 1985 1019 2052; baseline -0.003 -15"><span class='ocrx_word' id='word_1_187' title='bbox 258 1989 326 2038; x_wconf 84' lang='lat' dir='ltr'><strong><em>idea.</em></strong></span> <span class='ocrx_word' id='word_1_188' title='bbox 338 2015 369 2024; x_wconf 99' lang='lat'>-</span> <span class='ocrx_word' id='word_1_189' title='bbox 381 1986 437 2037; x_wconf 84' lang='lat'><strong>966.</strong></span> <span class='ocrx_word' id='word_1_190' title='bbox 455 1987 523 2037; x_wconf 85' lang='lat' dir='ltr'><strong><em>ldcae</em></strong></span> <span class='ocrx_word' id='word_1_191' title='bbox 540 2001 602 2052; x_wconf 87' lang='lat' dir='ltr'><strong><em>quae</em></strong></span> <span class='ocrx_word' id='word_1_192' title='bbox 616 1994 824 2052; x_wconf 84' lang='lat' dir='ltr'><strong><em>consequuntur</em></strong></span> <span class='ocrx_word' id='word_1_193' title='bbox 837 1987 926 2036; x_wconf 86' lang='lat' dir='ltr'><strong><em>ideam</em></strong></span> <span class='ocrx_word' id='word_1_194' title='bbox 938 1985 1019 2036; x_wconf 86' lang='lat' dir='ltr'><strong><em>entis.</em></strong></span> 
     </span>
    </p>
   </div>
   <div class='ocr_carea' id='block_1_4' title="bbox 684 2184 895 2255">
    <p class='ocr_par' dir='ltr' id='par_1_4' title="bbox 684 2184 895 2255">
     <span class='ocr_line' id='line_1_23' title="bbox 684 2184 895 2255; baseline 0.009 -3"><span class='ocrx_word' id='word_1_195' title='bbox 684 2184 803 2254; x_wconf 73' lang='lat' dir='ltr'><strong><em>oscor</em></strong></span> <span class='ocrx_word' id='word_1_196' title='bbox 822 2199 895 2255; x_wconf 72' lang='lat' dir='ltr'><strong><em>nvn</em></strong></span> 
     </span>
    </p>
   </div>
   <div class='ocr_carea' id='block_1_5' title="bbox 259 2315 1336 2540">
    <p class='ocr_par' dir='ltr' id='par_1_5' title="bbox 259 2315 1336 2540">
     <span class='ocr_line' id='line_1_24' title="bbox 259 2315 1237 2380; baseline -0.002 -9"><span class='ocrx_word' id='word_1_197' title='bbox 259 2320 300 2371; x_wconf 79' lang='lat' dir='ltr'><strong><em>Dc</em></strong></span> <span class='ocrx_word' id='word_1_198' title='bbox 319 2331 487 2371; x_wconf 77' lang='lat' dir='ltr'><strong><em>cocmrmun</em></strong></span> <span class='ocrx_word' id='word_1_199' title='bbox 505 2331 604 2370; x_wconf 73' lang='lat' dir='ltr'><strong><em>susum</em></strong></span> <span class='ocrx_word' id='word_1_200' title='bbox 623 2331 749 2370; x_wconf 74' lang='lat' dir='ltr'><strong><em>consum</em></strong></span> <span class='ocrx_word' id='word_1_201' title='bbox 763 2329 830 2370; x_wconf 76' lang='lat' dir='ltr'><strong><em>rosc</em></strong></span> <span class='ocrx_word' id='word_1_202' title='bbox 849 2330 977 2380; x_wconf 78' lang='lat' dir='ltr'><strong><em>uonnnn,</em></strong></span> <span class='ocrx_word' id='word_1_203' title='bbox 992 2331 1105 2369; x_wconf 72' lang='lat' dir='ltr'><strong><em>cronon</em></strong></span> <span class='ocrx_word' id='word_1_204' title='bbox 1119 2315 1158 2369; x_wconf 47' lang='lat' dir='ltr'><strong><em>on*</em></strong></span> <span class='ocrx_word' id='word_1_205' title='bbox 1169 2331 1237 2377; x_wconf 74' lang='grc' dir='ltr'><strong><em>οω-</em></strong></span> 
     </span>
     <span class='ocr_line' id='line_1_25' title="bbox 274 2411 1236 2460; baseline 0.002 -12"><span class='ocrx_word' id='word_1_206' title='bbox 274 2445 275 2448; x_wconf 74' lang='grc'>,</span> <span class='ocrx_word' id='word_1_207' title='bbox 293 2411 403 2450; x_wconf 76' lang='lat' dir='ltr'><strong><em>sososu</em></strong></span> <span class='ocrx_word' id='word_1_208' title='bbox 423 2411 553 2451; x_wconf 71' lang='lat' dir='ltr'><strong><em>eunucus</em></strong></span> <span class='ocrx_word' id='word_1_209' title='bbox 566 2411 641 2459; x_wconf 83' lang='lat' dir='ltr'><strong><em>usus,</em></strong></span> <span class='ocrx_word' id='word_1_210' title='bbox 655 2411 785 2450; x_wconf 68' lang='lat' dir='ltr'><strong><em>corinun</em></strong></span> <span class='ocrx_word' id='word_1_211' title='bbox 799 2411 865 2448; x_wconf 77' lang='lat' dir='ltr'>VITA</span> <span class='ocrx_word' id='word_1_212' title='bbox 881 2414 886 2447; x_wconf 96' lang='lat'><strong>:</strong></span> <span class='ocrx_word' id='word_1_213' title='bbox 904 2412 940 2449; x_wconf 86' lang='lat' dir='ltr'><strong><em>un</em></strong></span> <span class='ocrx_word' id='word_1_214' title='bbox 955 2411 1048 2450; x_wconf 77' lang='lat' dir='ltr'><strong><em>sonno</em></strong></span> <span class='ocrx_word' id='word_1_215' title='bbox 1062 2411 1097 2450; x_wconf 79' lang='lat' dir='ltr'><strong><em>nc</em></strong></span> <span class='ocrx_word' id='word_1_216' title='bbox 1111 2411 1236 2460; x_wconf 72' lang='lat' dir='ltr'><strong><em>sommo,</em></strong></span> 
     </span>
     <span class='ocr_line' id='line_1_26' title="bbox 292 2479 1336 2540; baseline 0.001 -11"><span class='ocrx_word' id='word_1_217' title='bbox 292 2493 329 2530; x_wconf 81' lang='lat' dir='ltr'><strong><em>on</em></strong></span> <span class='ocrx_word' id='word_1_218' title='bbox 344 2491 582 2530; x_wconf 72' lang='lat' dir='ltr'><strong><em>sonniunumstno</em></strong></span> <span class='ocrx_word' id='word_1_219' title='bbox 598 2491 633 2528; x_wconf 83' lang='lat' dir='ltr'><strong><em>nr</em></strong></span> <span class='ocrx_word' id='word_1_220' title='bbox 647 2491 777 2540; x_wconf 70' lang='lat' dir='ltr'><strong><em>arenosi,</em></strong></span> <span class='ocrx_word' id='word_1_221' title='bbox 797 2491 848 2528; x_wconf 80' lang='lat' dir='ltr'><strong><em>nuo</em></strong></span> <span class='ocrx_word' id='word_1_222' title='bbox 851 2513 1231 2533; x_wconf 85' lang='lat'><strong>......................</strong></span> <span class='ocrx_word' id='word_1_223' title='bbox 1278 2479 1336 2532; x_wconf 82' lang='lat'><strong><em>118</em></strong></span> 
     </span>
    </p>
   </div>
   <div class='ocr_carea' id='block_1_6' title="bbox 288 2589 1125 2656">
    <p class='ocr_par' dir='ltr' id='par_1_6' title="bbox 288 2589 1125 2656">
     <span class='ocr_line' id='line_1_27' title="bbox 288 2589 1125 2656; baseline 0 -18"><span class='ocrx_word' id='word_1_224' title='bbox 288 2589 344 2639; x_wconf 93' lang='grc'><strong>967.</strong></span> <span class='ocrx_word' id='word_1_225' title='bbox 360 2589 449 2656; x_wconf 89' lang='lat' dir='ltr'><strong><em>Hujus</em></strong></span> <span class='ocrx_word' id='word_1_226' title='bbox 459 2589 556 2654; x_wconf 85' lang='lat' dir='ltr'><strong><em>capitis</em></strong></span> <span class='ocrx_word' id='word_1_227' title='bbox 568 2589 690 2640; x_wconf 81' lang='lat' dir='ltr'><strong><em>materia.</em></strong></span> <span class='ocrx_word' id='word_1_228' title='bbox 704 2589 813 2639; x_wconf 80' lang='lat' dir='ltr'><strong><em>Animae</em></strong></span> <span class='ocrx_word' id='word_1_229' title='bbox 828 2595 915 2639; x_wconf 88' lang='lat' dir='ltr'><strong><em>status</em></strong></span> <span class='ocrx_word' id='word_1_230' title='bbox 928 2596 988 2653; x_wconf 88' lang='lat' dir='ltr'><strong><em>post</em></strong></span> <span class='ocrx_word' id='word_1_231' title='bbox 1001 2596 1125 2640; x_wconf 88' lang='lat' dir='ltr'><strong><em>mortem.</em></strong></span> 
     </span>
    </p>
   </div>
   <div class='ocr_carea' id='block_1_7' title="bbox 255 2689 1337 3392">
    <p class='ocr_par' dir='ltr' id='par_1_7' title="bbox 255 2689 1337 3392">
     <span class='ocr_line' id='line_1_28' title="bbox 288 2689 1337 2752; baseline 0.001 -14"><span class='ocrx_word' id='word_1_232' title='bbox 288 2689 392 2738; x_wconf 74' lang='lat' dir='ltr'><strong><em>Tuscis.</em></strong></span> <span class='ocrx_word' id='word_1_233' title='bbox 408 2715 437 2725; x_wconf 94' lang='lat'><em>-</em></span> <span class='ocrx_word' id='word_1_234' title='bbox 454 2689 560 2742; x_wconf 84' lang='lat' dir='ltr'><strong><em>Anima</em></strong></span> <span class='ocrx_word' id='word_1_235' title='bbox 578 2697 717 2750; x_wconf 86' lang='lat' dir='ltr'><strong><em>separata,</em></strong></span> <span class='ocrx_word' id='word_1_236' title='bbox 742 2694 806 2738; x_wconf 78' lang='lat' dir='ltr'><strong><em>ciem</em></strong></span> <span class='ocrx_word' id='word_1_237' title='bbox 831 2689 934 2738; x_wconf 83' lang='lat' dir='ltr'><strong><em>eccistat</em></strong></span> <span class='ocrx_word' id='word_1_238' title='bbox 963 2689 1020 2737; x_wconf 90' lang='lat' dir='ltr'><strong><em>alio</em></strong></span> <span class='ocrx_word' id='word_1_239' title='bbox 1046 2690 1124 2737; x_wconf 87' lang='lat' dir='ltr'><strong><em>modo</em></strong></span> <span class='ocrx_word' id='word_1_240' title='bbox 1139 2691 1224 2752; x_wconf 81' lang='lat' dir='ltr'><strong><em>guam</em></strong></span> <span class='ocrx_word' id='word_1_241' title='bbox 1253 2700 1337 2751; x_wconf 88' lang='lat' dir='ltr'><strong><em>ante,</em></strong></span> 
     </span>
     <span class='ocr_line' id='line_1_29' title="bbox 257 2759 1337 2829; baseline 0.003 -21"><span class='ocrx_word' id='word_1_242' title='bbox 257 2760 395 2822; x_wconf 74' lang='lat' dir='ltr'><strong><em>cognoscit</em></strong></span> <span class='ocrx_word' id='word_1_243' title='bbox 408 2761 469 2809; x_wconf 88' lang='lat' dir='ltr'><strong><em>sine</em></strong></span> <span class='ocrx_word' id='word_1_244' title='bbox 484 2759 660 2809; x_wconf 78' lang='lat' dir='ltr'><strong><em>conversione</em></strong></span> <span class='ocrx_word' id='word_1_245' title='bbox 676 2761 712 2808; x_wconf 87' lang='lat' dir='ltr'><strong><em>ad</em></strong></span> <span class='ocrx_word' id='word_1_246' title='bbox 733 2761 939 2822; x_wconf 83' lang='lat' dir='ltr'><strong><em>phantasmata.</em></strong></span> <span class='ocrx_word' id='word_1_247' title='bbox 958 2787 990 2796; x_wconf 93' lang='grc'>-</span> <span class='ocrx_word' id='word_1_248' title='bbox 1009 2761 1087 2829; x_wconf 82' lang='lat' dir='ltr'><strong><em>Unde</em></strong></span> <span class='ocrx_word' id='word_1_249' title='bbox 1107 2760 1175 2808; x_wconf 92' lang='lat' dir='ltr'><strong><em>solis</em></strong></span> <span class='ocrx_word' id='word_1_250' title='bbox 1190 2761 1260 2809; x_wconf 84' lang='lat' dir='ltr'><strong><em>ideis</em></strong></span> <span class='ocrx_word' id='word_1_251' title='bbox 1281 2763 1337 2811; x_wconf 91' lang='lat' dir='ltr'><strong><em>in-</em></strong></span> 
     </span>
     <span class='ocr_line' id='line_1_30' title="bbox 255 2831 1335 2894; baseline 0.003 -16"><span class='ocrx_word' id='word_1_252' title='bbox 255 2831 389 2887; x_wconf 82' lang='lat' dir='ltr'><strong><em>struitur,</em></strong></span> <span class='ocrx_word' id='word_1_253' title='bbox 405 2831 509 2880; x_wconf 88' lang='lat' dir='ltr'><strong><em>scilicet</em></strong></span> <span class='ocrx_word' id='word_1_254' title='bbox 529 2831 666 2893; x_wconf 76' lang='lat' dir='ltr'><strong><em>speciebus</em></strong></span> <span class='ocrx_word' id='word_1_255' title='bbox 682 2831 909 2893; x_wconf 69' lang='lat' dir='ltr'><strong><em>intelligibilibus</em></strong></span> <span class='ocrx_word' id='word_1_256' title='bbox 934 2832 1089 2894; x_wconf 79' lang='lat' dir='ltr'><strong><em>acquisitis,</em></strong></span> <span class='ocrx_word' id='word_1_257' title='bbox 1114 2833 1236 2880; x_wconf 87' lang='lat' dir='ltr'><strong><em>durante</em></strong></span> <span class='ocrx_word' id='word_1_258' title='bbox 1258 2835 1335 2891; x_wconf 73' lang='lat' dir='ltr'><strong><em>cita,</em></strong></span> 
     </span>
     <span class='ocr_line' id='line_1_31' title="bbox 256 2902 1337 2966; baseline 0.002 -15"><span class='ocrx_word' id='word_1_259' title='bbox 256 2917 363 2951; x_wconf 86' lang='lat' dir='ltr'><strong><em>necnon</em></strong></span> <span class='ocrx_word' id='word_1_260' title='bbox 384 2902 452 2951; x_wconf 88' lang='lat' dir='ltr'><strong><em>aliis</em></strong></span> <span class='ocrx_word' id='word_1_261' title='bbox 479 2902 616 2964; x_wconf 79' lang='lat' dir='ltr'><strong><em>speciebus</em></strong></span> <span class='ocrx_word' id='word_1_262' title='bbox 641 2918 711 2965; x_wconf 84' lang='lat' dir='ltr'><strong><em>guas</em></strong></span> <span class='ocrx_word' id='word_1_263' title='bbox 732 2918 750 2951; x_wconf 88' lang='lat' dir='ltr'><strong><em>a</em></strong></span> <span class='ocrx_word' id='word_1_264' title='bbox 772 2903 872 2952; x_wconf 89' lang='lat' dir='ltr'><strong><em>Prima</em></strong></span> <span class='ocrx_word' id='word_1_265' title='bbox 897 2903 1019 2952; x_wconf 87' lang='lat' dir='ltr'><strong><em>Veritate</em></strong></span> <span class='ocrx_word' id='word_1_266' title='bbox 1042 2903 1163 2965; x_wconf 85' lang='lat' dir='ltr'><strong><em>aliisque</em></strong></span> <span class='ocrx_word' id='word_1_267' title='bbox 1178 2904 1337 2966; x_wconf 82' lang='lat' dir='ltr'><strong><em>spiritibus</em></strong></span> 
     </span>
     <span class='ocr_line' id='line_1_32' title="bbox 256 2973 1336 3036; baseline 0.003 -14"><span class='ocrx_word' id='word_1_268' title='bbox 256 2974 379 3036; x_wconf 86' lang='lat' dir='ltr'><strong><em>accipere</em></strong></span> <span class='ocrx_word' id='word_1_269' title='bbox 393 2982 488 3035; x_wconf 87' lang='lat' dir='ltr'><strong><em>potest.</em></strong></span> <span class='ocrx_word' id='word_1_270' title='bbox 508 2973 686 3022; x_wconf 89' lang='lat' dir='ltr'><strong><em>-Attamen</em></strong></span> <span class='ocrx_word' id='word_1_271' title='bbox 705 2974 825 3036; x_wconf 73' lang='lat' dir='ltr'><strong><em>cognitio</em></strong></span> <span class='ocrx_word' id='word_1_272' title='bbox 847 2974 991 3022; x_wconf 89' lang='lat' dir='ltr'><strong><em>naturalis</em></strong></span> <span class='ocrx_word' id='word_1_273' title='bbox 1007 2975 1112 3023; x_wconf 81' lang='lat' dir='ltr'><strong><em>animae</em></strong></span> <span class='ocrx_word' id='word_1_274' title='bbox 1132 2985 1270 3036; x_wconf 81' lang='lat' dir='ltr'><strong><em>separatae</em></strong></span> <span class='ocrx_word' id='word_1_275' title='bbox 1291 2987 1336 3026; x_wconf 87' lang='lat' dir='ltr'><strong><em>est</em></strong></span> 
     </span>
     <span class='ocr_line' id='line_1_33' title="bbox 257 3045 1331 3108; baseline 0.003 -15"><span class='ocrx_word' id='word_1_276' title='bbox 257 3046 354 3094; x_wconf 80' lang='lat' dir='ltr'><strong><em>minus</em></strong></span> <span class='ocrx_word' id='word_1_277' title='bbox 363 3047 489 3108; x_wconf 84' lang='lat' dir='ltr'><strong><em>perfecta</em></strong></span> <span class='ocrx_word' id='word_1_278' title='bbox 500 3053 525 3094; x_wconf 88' lang='lat' dir='ltr'><strong><em>et</em></strong></span> <span class='ocrx_word' id='word_1_279' title='bbox 539 3046 672 3094; x_wconf 88' lang='lat' dir='ltr'><strong><em>distincta</em></strong></span> <span class='ocrx_word' id='word_1_280' title='bbox 690 3048 773 3108; x_wconf 77' lang='lat' dir='ltr'><strong><em>quam</em></strong></span> <span class='ocrx_word' id='word_1_281' title='bbox 793 3045 913 3107; x_wconf 72' lang='lat' dir='ltr'><strong><em>cognitio</em></strong></span> <span class='ocrx_word' id='word_1_282' title='bbox 931 3045 1050 3108; x_wconf 87' lang='lat' dir='ltr'><strong><em>propria</em></strong></span> <span class='ocrx_word' id='word_1_283' title='bbox 1065 3061 1149 3106; x_wconf 90' lang='lat' dir='ltr'><strong><em>purts</em></strong></span> <span class='ocrx_word' id='word_1_284' title='bbox 1162 3046 1331 3108; x_wconf 83' lang='lat' dir='ltr'><strong><em>spiritibus.</em></strong></span> 
     </span>
     <span class='ocr_line' id='line_1_34' title="bbox 257 3116 1334 3180; baseline 0.002 -16"><span class='ocrx_word' id='word_1_285' title='bbox 257 3143 288 3151; x_wconf 92' lang='lat'><em>-</em></span> <span class='ocrx_word' id='word_1_286' title='bbox 303 3116 366 3165; x_wconf 91' lang='lat' dir='ltr'><strong><em>Non</em></strong></span> <span class='ocrx_word' id='word_1_287' title='bbox 381 3116 492 3164; x_wconf 83' lang='lat' dir='ltr'><strong><em>videtur</em></strong></span> <span class='ocrx_word' id='word_1_288' title='bbox 519 3116 591 3178; x_wconf 83' lang='lat' dir='ltr'><strong><em>guod</em></strong></span> <span class='ocrx_word' id='word_1_289' title='bbox 603 3116 708 3164; x_wconf 88' lang='lat' dir='ltr'><strong><em>animae</em></strong></span> <span class='ocrx_word' id='word_1_290' title='bbox 724 3125 861 3177; x_wconf 69' lang='lat' dir='ltr'><strong><em>separatae</em></strong></span> <span class='ocrx_word' id='word_1_291' title='bbox 884 3117 993 3178; x_wconf 78' lang='lat' dir='ltr'><strong><em>possint</em></strong></span> <span class='ocrx_word' id='word_1_292' title='bbox 1014 3116 1123 3165; x_wconf 85' lang='lat' dir='ltr'><strong><em>viribus</em></strong></span> <span class='ocrx_word' id='word_1_293' title='bbox 1135 3117 1264 3180; x_wconf 84' lang='lat' dir='ltr'><strong><em>propriis</em></strong></span> <span class='ocrx_word' id='word_1_294' title='bbox 1283 3135 1334 3168; x_wconf 80' lang='lat' dir='ltr'><strong><em>res</em></strong></span> 
     </span>
     <span class='ocr_line' id='line_1_35' title="bbox 257 3187 1333 3249; baseline 0.003 -14"><span class='ocrx_word' id='word_1_295' title='bbox 257 3188 417 3236; x_wconf 87' lang='lat' dir='ltr'><strong><em>mundanas</em></strong></span> <span class='ocrx_word' id='word_1_296' title='bbox 425 3202 583 3249; x_wconf 73' lang='lat' dir='ltr'><strong><em>cognoscere</em></strong></span> <span class='ocrx_word' id='word_1_297' title='bbox 598 3189 689 3236; x_wconf 87' lang='lat' dir='ltr'><strong><em>autin</em></strong></span> <span class='ocrx_word' id='word_1_298' title='bbox 702 3188 750 3236; x_wconf 85' lang='lat' dir='ltr'><strong><em>boo</em></strong></span> <span class='ocrx_word' id='word_1_299' title='bbox 763 3188 868 3236; x_wconf 89' lang='lat' dir='ltr'><strong><em>mundo</em></strong></span> <span class='ocrx_word' id='word_1_300' title='bbox 878 3187 990 3248; x_wconf 79' lang='lat' dir='ltr'><strong><em>aliquid</em></strong></span> <span class='ocrx_word' id='word_1_301' title='bbox 1000 3202 1095 3249; x_wconf 83' lang='lat' dir='ltr'><strong><em>agere.</em></strong></span> <span class='ocrx_word' id='word_1_302' title='bbox 1114 3211 1143 3222; x_wconf 89' lang='lat'>-</span> <span class='ocrx_word' id='word_1_303' title='bbox 1160 3187 1205 3236; x_wconf 89' lang='lat' dir='ltr'><strong><em>Ad</em></strong></span> <span class='ocrx_word' id='word_1_304' title='bbox 1216 3191 1333 3238; x_wconf 85' lang='lat' dir='ltr'><strong><em>conclu-</em></strong></span> 
     </span>
     <span class='ocr_line' id='line_1_36' title="bbox 256 3257 1334 3321; baseline 0.006 -17"><span class='ocrx_word' id='word_1_305' title='bbox 256 3258 347 3306; x_wconf 87' lang='lat' dir='ltr'><strong><em>siones</em></strong></span> <span class='ocrx_word' id='word_1_306' title='bbox 354 3257 564 3321; x_wconf 82' lang='lat' dir='ltr'><strong><em>psycbologicas</em></strong></span> <span class='ocrx_word' id='word_1_307' title='bbox 578 3259 742 3319; x_wconf 79' lang='lat' dir='ltr'><strong><em>hujusmodi</em></strong></span> <span class='ocrx_word' id='word_1_308' title='bbox 761 3259 901 3306; x_wconf 88' lang='lat' dir='ltr'><strong><em>attendere</em></strong></span> <span class='ocrx_word' id='word_1_309' title='bbox 922 3267 1027 3320; x_wconf 82' lang='lat' dir='ltr'><strong><em>oportet</em></strong></span> <span class='ocrx_word' id='word_1_310' title='bbox 1041 3267 1072 3308; x_wconf 87' lang='lat' dir='ltr'><strong><em>ut</em></strong></span> <span class='ocrx_word' id='word_1_311' title='bbox 1087 3267 1158 3308; x_wconf 89' lang='lat' dir='ltr'><strong><em>recte</em></strong></span> <span class='ocrx_word' id='word_1_312' title='bbox 1176 3259 1334 3320; x_wconf 83' lang='lat' dir='ltr'><strong><em>judicetur</em></strong></span> 
     </span>
     <span class='ocr_line' id='line_1_37' title="bbox 258 3329 919 3392; baseline -0.003 -14"><span class='ocrx_word' id='word_1_313' title='bbox 258 3331 289 3378; x_wconf 85' lang='lat' dir='ltr'><strong><em>de</em></strong></span> <span class='ocrx_word' id='word_1_314' title='bbox 302 3329 468 3392; x_wconf 80' lang='lat' dir='ltr'><strong><em>quibusdam</em></strong></span> <span class='ocrx_word' id='word_1_315' title='bbox 474 3329 666 3392; x_wconf 83' lang='lat' dir='ltr'><strong><em>phoenomenis</em></strong></span> <span class='ocrx_word' id='word_1_316' title='bbox 678 3330 859 3392; x_wconf 82' lang='lat' dir='ltr'><strong><em>bgpnotismi,</em></strong></span> <span class='ocrx_word' id='word_1_317' title='bbox 871 3338 919 3378; x_wconf 91' lang='lat' dir='ltr'><strong><em>etc.</em></strong></span> 
     </span>
    </p>
   </div>
   <div class='ocr_carea' id='block_1_8' title="bbox 256 3417 1333 3910">
    <p class='ocr_par' dir='ltr' id='par_1_8' title="bbox 256 3417 1333 3910">
     <span class='ocr_line' id='line_1_38' title="bbox 289 3417 1331 3482; baseline 0.002 -15"><span class='ocrx_word' id='word_1_318' title='bbox 289 3417 345 3468; x_wconf 93' lang='grc'><strong>968.</strong></span> <span class='ocrx_word' id='word_1_319' title='bbox 363 3418 488 3480; x_wconf 78' lang='lat' dir='ltr'><strong><em>cognitio</em></strong></span> <span class='ocrx_word' id='word_1_320' title='bbox 501 3419 613 3482; x_wconf 85' lang='lat' dir='ltr'><strong><em>propria</em></strong></span> <span class='ocrx_word' id='word_1_321' title='bbox 625 3418 723 3466; x_wconf 85' lang='lat' dir='ltr'><strong><em>animae</em></strong></span> <span class='ocrx_word' id='word_1_322' title='bbox 736 3425 874 3481; x_wconf 84' lang='lat' dir='ltr'><strong><em>separatae.</em></strong></span> <span class='ocrx_word' id='word_1_323' title='bbox 885 3445 916 3455; x_wconf 89' lang='lat'><em>-</em></span> <span class='ocrx_word' id='word_1_324' title='bbox 927 3417 983 3468; x_wconf 91' lang='grc'><strong>969.</strong></span> <span class='ocrx_word' id='word_1_325' title='bbox 998 3417 1069 3476; x_wconf 90' lang='lat' dir='ltr'><strong><em>Quid</em></strong></span> <span class='ocrx_word' id='word_1_326' title='bbox 1083 3425 1229 3480; x_wconf 85' lang='lat' dir='ltr'><strong><em>cognoscat</em></strong></span> <span class='ocrx_word' id='word_1_327' title='bbox 1244 3426 1331 3470; x_wconf 88' lang='lat' dir='ltr'><strong><em>natu-</em></strong></span> 
     </span>
     <span class='ocr_line' id='line_1_39' title="bbox 256 3489 1333 3554; baseline 0.002 -16"><span class='ocrx_word' id='word_1_328' title='bbox 256 3489 352 3538; x_wconf 82' lang='lat' dir='ltr'><strong><em>raliter</em></strong></span> <span class='ocrx_word' id='word_1_329' title='bbox 366 3489 458 3539; x_wconf 89' lang='lat' dir='ltr'><strong><em>anima</em></strong></span> <span class='ocrx_word' id='word_1_330' title='bbox 471 3496 600 3552; x_wconf 83' lang='lat' dir='ltr'><strong><em>separata.</em></strong></span> <span class='ocrx_word' id='word_1_331' title='bbox 622 3516 652 3526; x_wconf 99' lang='lat'><em>-</em></span> <span class='ocrx_word' id='word_1_332' title='bbox 670 3489 726 3540; x_wconf 87' lang='grc'><strong>970.</strong></span> <span class='ocrx_word' id='word_1_333' title='bbox 743 3489 813 3538; x_wconf 82' lang='lat' dir='ltr'><strong><em>Vites</em></strong></span> <span class='ocrx_word' id='word_1_334' title='bbox 830 3489 928 3538; x_wconf 84' lang='lat' dir='ltr'><strong><em>animae</em></strong></span> <span class='ocrx_word' id='word_1_335' title='bbox 950 3495 1079 3554; x_wconf 72' lang='lat' dir='ltr'><strong><em>separatio</em></strong></span> <span class='ocrx_word' id='word_1_336' title='bbox 1102 3489 1284 3551; x_wconf 72' lang='lat' dir='ltr'><strong><em>imperiectio·</em></strong></span> <span class='ocrx_word' id='word_1_337' title='bbox 1300 3521 1333 3530; x_wconf 90' lang='lat'>—</span> 
     </span>
     <span class='ocr_line' id='line_1_40' title="bbox 257 3559 1333 3625; baseline 0.001 -15"><span class='ocrx_word' id='word_1_338' title='bbox 257 3559 314 3610; x_wconf 84' lang='grc'><strong>971.</strong></span> <span class='ocrx_word' id='word_1_339' title='bbox 330 3560 544 3625; x_wconf 83' lang='lat' dir='ltr'><strong><em>chnibusdcm</em></strong></span> <span class='ocrx_word' id='word_1_340' title='bbox 560 3559 675 3610; x_wconf 80' lang='lat' dir='ltr'><strong><em>statibus</em></strong></span> <span class='ocrx_word' id='word_1_341' title='bbox 693 3561 792 3609; x_wconf 78' lang='lat' dir='ltr'><strong><em>animae</em></strong></span> <span class='ocrx_word' id='word_1_342' title='bbox 804 3561 832 3610; x_wconf 93' lang='lat' dir='ltr'><strong><em>in</em></strong></span> <span class='ocrx_word' id='word_1_343' title='bbox 847 3562 897 3610; x_wconf 84' lang='lat' dir='ltr'><strong><em>hac</em></strong></span> <span class='ocrx_word' id='word_1_344' title='bbox 913 3561 976 3612; x_wconf 66' lang='lat' dir='ltr'><strong><em>vita.</em></strong></span> <span class='ocrx_word' id='word_1_345' title='bbox 993 3587 1020 3597; x_wconf 90' lang='lat'>—</span> <span class='ocrx_word' id='word_1_346' title='bbox 1038 3560 1095 3611; x_wconf 80' lang='grc'><strong>972.</strong></span> <span class='ocrx_word' id='word_1_347' title='bbox 1116 3561 1156 3610; x_wconf 87' lang='lat' dir='ltr'><strong><em>De</em></strong></span> <span class='ocrx_word' id='word_1_348' title='bbox 1170 3575 1281 3612; x_wconf 90' lang='lat' dir='ltr'><strong><em>somno.</em></strong></span> <span class='ocrx_word' id='word_1_349' title='bbox 1299 3591 1333 3599; x_wconf 96' lang='lat'>-</span> 
     </span>
     <span class='ocr_line' id='line_1_41' title="bbox 257 3631 1332 3698; baseline 0.003 -18"><span class='ocrx_word' id='word_1_350' title='bbox 257 3631 312 3680; x_wconf 82' lang='lat'><strong>973.</strong></span> <span class='ocrx_word' id='word_1_351' title='bbox 330 3631 369 3698; x_wconf 89' lang='lat' dir='ltr'><strong><em>De</em></strong></span> <span class='ocrx_word' id='word_1_352' title='bbox 393 3631 647 3682; x_wconf 88' lang='lat' dir='ltr'><strong><em>somnambulismc.</em></strong></span> <span class='ocrx_word' id='word_1_353' title='bbox 665 3659 696 3668; x_wconf 96' lang='lat'>-</span> <span class='ocrx_word' id='word_1_354' title='bbox 710 3631 765 3681; x_wconf 85' lang='grc'><strong>974.</strong></span> <span class='ocrx_word' id='word_1_355' title='bbox 784 3632 822 3681; x_wconf 91' lang='lat' dir='ltr'><strong><em>De</em></strong></span> <span class='ocrx_word' id='word_1_356' title='bbox 845 3633 1028 3682; x_wconf 83' lang='lat' dir='ltr'><strong><em>alucinatione</em></strong></span> <span class='ocrx_word' id='word_1_357' title='bbox 1052 3638 1078 3680; x_wconf 92' lang='lat' dir='ltr'><strong><em>et</em></strong></span> <span class='ocrx_word' id='word_1_358' title='bbox 1099 3631 1287 3682; x_wconf 76' lang='lat' dir='ltr'><strong><em>fascinatione.</em></strong></span> <span class='ocrx_word' id='word_1_359' title='bbox 1300 3660 1332 3671; x_wconf 97' lang='lat'>-</span> 
     </span>
     <span class='ocr_line' id='line_1_42' title="bbox 257 3701 1330 3768; baseline 0.001 -17"><span class='ocrx_word' id='word_1_360' title='bbox 257 3701 310 3751; x_wconf 84' lang='grc'><strong>975.</strong></span> <span class='ocrx_word' id='word_1_361' title='bbox 323 3702 362 3752; x_wconf 92' lang='lat' dir='ltr'><strong><em>De</em></strong></span> <span class='ocrx_word' id='word_1_362' title='bbox 372 3703 498 3765; x_wconf 86' lang='lat' dir='ltr'><strong><em>hypnosi.</em></strong></span> <span class='ocrx_word' id='word_1_363' title='bbox 508 3731 540 3756; x_wconf 83' lang='lat'><strong><em>.-</em></strong></span> <span class='ocrx_word' id='word_1_364' title='bbox 552 3702 607 3754; x_wconf 92' lang='grc'><strong>976.</strong></span> <span class='ocrx_word' id='word_1_365' title='bbox 619 3703 754 3768; x_wconf 88' lang='lat' dir='ltr'><strong><em>Hypnosis</em></strong></span> <span class='ocrx_word' id='word_1_366' title='bbox 766 3705 847 3752; x_wconf 84' lang='lat' dir='ltr'><strong><em>varice</em></strong></span> <span class='ocrx_word' id='word_1_367' title='bbox 861 3704 963 3753; x_wconf 78' lang='lat' dir='ltr'><strong><em>formae.</em></strong></span> <span class='ocrx_word' id='word_1_368' title='bbox 974 3731 1004 3740; x_wconf 95' lang='lat'><em>—</em></span> <span class='ocrx_word' id='word_1_369' title='bbox 1017 3703 1074 3754; x_wconf 89' lang='grc'><strong>977.</strong></span> <span class='ocrx_word' id='word_1_370' title='bbox 1089 3701 1128 3752; x_wconf 89' lang='lat' dir='ltr'><strong><em>De</em></strong></span> <span class='ocrx_word' id='word_1_371' title='bbox 1142 3705 1330 3766; x_wconf 84' lang='lat' dir='ltr'><strong><em>suggestione.</em></strong></span> 
     </span>
     <span class='ocr_line' id='line_1_43' title="bbox 257 3772 1330 3837; baseline 0.004 -17"><span class='ocrx_word' id='word_1_372' title='bbox 257 3799 287 3810; x_wconf 95' lang='lat'>-</span> <span class='ocrx_word' id='word_1_373' title='bbox 301 3772 357 3822; x_wconf 91' lang='grc'><strong>978.</strong></span> <span class='ocrx_word' id='word_1_374' title='bbox 389 3773 593 3824; x_wconf 86' lang='lat' dir='ltr'><strong><em>Observationes</em></strong></span> <span class='ocrx_word' id='word_1_375' title='bbox 622 3774 732 3824; x_wconf 86' lang='lat' dir='ltr'><strong><em>criticae.</em></strong></span> <span class='ocrx_word' id='word_1_376' title='bbox 762 3803 794 3812; x_wconf 91' lang='lat'>—</span> <span class='ocrx_word' id='word_1_377' title='bbox 819 3775 874 3825; x_wconf 90' lang='grc'><strong>979.</strong></span> <span class='ocrx_word' id='word_1_378' title='bbox 898 3774 1130 3837; x_wconf 80' lang='lat' dir='ltr'><strong><em>Pneumctologia.</em></strong></span> <span class='ocrx_word' id='word_1_379' title='bbox 1147 3802 1179 3812; x_wconf 89' lang='lat'><em>-</em></span> <span class='ocrx_word' id='word_1_380' title='bbox 1204 3773 1261 3825; x_wconf 88' lang='grc'><strong>980.</strong></span> <span class='ocrx_word' id='word_1_381' title='bbox 1289 3775 1330 3824; x_wconf 86' lang='lat' dir='ltr'><strong><em>De</em></strong></span> 
     </span>
     <span class='ocr_line' id='line_1_44' title="bbox 257 3845 1232 3910; baseline 0.003 -17"><span class='ocrx_word' id='word_1_382' title='bbox 257 3845 394 3894; x_wconf 68' lang='lat' dir='ltr'><strong><em>amentia:</em></strong></span> <span class='ocrx_word' id='word_1_383' title='bbox 411 3845 470 3909; x_wconf 88' lang='lat' dir='ltr'><strong><em>ejus</em></strong></span> <span class='ocrx_word' id='word_1_384' title='bbox 483 3852 605 3895; x_wconf 83' lang='lat' dir='ltr'><strong><em>ccusaeet</em></strong></span> <span class='ocrx_word' id='word_1_385' title='bbox 615 3847 778 3910; x_wconf 87' lang='lat' dir='ltr'><strong><em>subjectum.</em></strong></span> <span class='ocrx_word' id='word_1_386' title='bbox 792 3875 823 3884; x_wconf 99' lang='lat'>-</span> <span class='ocrx_word' id='word_1_387' title='bbox 837 3846 892 3895; x_wconf 83' lang='lat'>981.</span> <span class='ocrx_word' id='word_1_388' title='bbox 908 3847 1051 3910; x_wconf 90' lang='lat' dir='ltr'><strong><em>Ingenium</em></strong></span> <span class='ocrx_word' id='word_1_389' title='bbox 1065 3854 1092 3895; x_wconf 87' lang='lat' dir='ltr'><strong><em>et</em></strong></span> <span class='ocrx_word' id='word_1_390' title='bbox 1104 3847 1232 3896; x_wconf 84' lang='lat' dir='ltr'><strong><em>amentia.</em></strong></span> 
     </span>
    </p>
   </div>
   <div class='ocr_carea' id='block_1_9' title="bbox 0 0 1454 4548">
    <p class='ocr_par' dir='ltr' id='par_1_9' title="bbox 0 0 1454 4548">
     <span class='ocr_line' id='line_1_45' title="bbox 0 0 1454 4548; baseline 0 0"><span class='ocrx_word' id='word_1_391' title='bbox 0 0 1454 4548; x_wconf 95' lang='lat' dir='ltr'><strong><em> </em></strong></span> 
     </span>
    </p>
   </div>
  </div>
 </body>
</html>
