2902 4548
216 339 273 396 2⁹4
627 352 681 395 rur
698 351 872 396 urrunnun
956 331 960 340 “

216 463 292 533 J'ure
305 463 443 522 netureli
458 463 491 520 et
501 462 575 532 jure
589 463 836 520 internetionuli.
853 462 940 519 Unde
953 477 1014 518 non
1033 463 1106 520 licet
1119 461 1212 519 hodie
1226 475 1299 532 cep-

221 553 305 610 tivoe
320 553 353 610 in
369 553 556 610 servitutem
571 553 725 624 redigere,
742 552 826 608 eires
841 551 990 626 spoliare,
1005 553 1064 608 etc.

259 685 342 743 1338.
361 685 522 756 Depnee.
539 685 706 742 —Bellum
722 700 784 742 non
803 686 851 742 eet
866 685 1101 758 suscipiendum
1117 685 1180 742 nisi
1193 699 1295 758 prep-

222 776 274 834 ter
286 788 405 848 pucem,
425 789 494 848 quae
518 776 567 832 est
582 775 823 844 «tranquillitas
839 774 959 832 ordinis
976 794 1002 830 ι.
1016 775 1083 831 Pax
1097 775 1181 830 enim
1201 788 1294 840 veru,

221 864 334 930 idest,
358 864 528 922 secundum
552 863 616 933 jus,
641 863 817 934 requiritur
845 865 884 922 ed
918 864 1100 922 felicitatem
1120 863 1294 922 societatis.

222 953 310 1010 Unde
324 953 352 1010 ei
371 952 505 1010 feliciter
517 953 643 1024 publice
657 966 782 1023 semper
803 952 945 1018 duraret,
960 967 1023 1026 pax
1032 953 1116 1010 esset
1129 952 1294 1022 perpetua.

223 1042 376 1111 Quidquid
392 1043 434 1099 sit
447 1044 553 1100 autem
571 1042 609 1098 de
623 1041 830 1114 possibilitate
844 1040 930 1114 pecte
944 1042 1117 1113 perpetuae,
1129 1040 1169 1097 ed
1182 1055 1294 1113 pacem

224 1131 410 1188 servendum
425 1133 477 1188 vel
489 1131 734 1204 recuperandum
751 1131 783 1187 et
805 1132 845 1187 ad
866 1131 946 1188 belle
969 1130 1143 1200 mitiganda
1156 1130 1294 1188 multum

222 1219 391 1277 conterunt
404 1221 515 1290 religio
530 1220 660 1292 elioeque
682 1219 820 1276 virtutes
836 1220 1015 1276 christianae
1032 1219 1192 1288 :justitie
1208 1232 1298 1276 mun·

223 1309 368 1374 suetudo,
384 1309 511 1376 ceritas,
532 1311 591 1367 etc.

260 1442 338 1498 1339.
360 1444 413 1500 De
432 1444 611 1500 tribunall
625 1444 913 1502 intematlcnell.
928 1473 962 1485 —
976 1443 1111 1499 Maxime
1125 1441 1300 1513 optandum

223 1533 317 1602 cenet,
337 1530 376 1587 ed
397 1546 505 1604 pacem
529 1533 715 1589 servendum
740 1535 825 1591 inter
848 1535 967 1602 gentes,
991 1532 1027 1588 ut
1048 1531 1302 1588 constitueretur

223 1619 364 1676 tribunal
382 1621 637 1679 internetionele.
659 1625 724 1688 Quo
745 1625 847 1694 pecto,
866 1621 933 1690 jum
953 1636 1015 1678 non
1034 1620 1171 1692 emplius
1188 1620 1221 1675 vi
1243 1619 1300 1675 sed

221 1710 297 1780 jure
313 1712 576 1781 componerentur
596 1712 667 1770 lites
685 1713 837 1784 gentium.
861 1715 949 1781 Sene,
965 1714 1002 1769 ut
1024 1711 1160 1784 oportet,
1173 1709 1301 1779 iudices
1337 1779 1340 1792 Ι

222 1797 291 1855 eive
309 1799 422 1855 arbitri
448 1800 543 1869 hujus
567 1801 736 1858 tribunalis
756 1803 841 1859 inter
863 1801 1113 1874 sapientissimos
1145 1801 1304 1870 cujusque

224 1887 329 1956 gentle
346 1887 549 1957 eligerentur,
570 1904 741 1960 eorumque
762 1891 937 1952 sententiis,
963 1889 1151 1962 praesidente
1172 1891 1305 1948 Summo

223 1974 384 2042 Peutlllce,
402 1977 542 2033 menime
556 1979 730 2035 auctoritas
745 1981 950 2037 accresceret.
