2790 4546
462 1443 463 1448 ’
503 1435 631 1494 OAPUT
651 1434 737 1492 LXX

144 1592 178 1634 DE
196 1593 306 1636 nlillcll
327 1595 361 1635 IN
381 1595 505 1636 GENERR
524 1595 561 1636 ΕΤ
580 1595 745 1636 8ΡΙ1οΙΑΤ1Μ
764 1595 803 1637 ΒΕ
822 1593 1032 1636 Bnlnlnunllln
1052 1592 1108 1632 SEU

488 1694 527 1734 DE
545 1693 619 1734 FINE
639 1693 756 1734 ULTIMO

24 1865 25 1872 ¹
136 1852 208 1908 1149.
231 1856 372 1924 Ethica;
398 1857 475 1926 elus
493 1857 720 1926 praestantia.
740 1885 775 1896 -
790 1855 1022 1926 Philosophiam
1037 1851 1154 1924 practi-

105 1953 160 1996 cam
182 1957 233 1998 seu
248 1943 384 2000 ethicam
408 1945 471 2015 (vel
492 1946 655 2009 moralem)
678 1959 760 2000 nunc
783 1944 995 2013 aggredimur,
1015 1956 1084 2011 quae
1107 1939 1156 1995 est

24 2045 25 2048 ¹
105 2027 164 2086 inis
172 2033 265 2088 totius
277 2033 483 2103 philosophiae
492 2033 683 2089 theoreticae.
693 2035 844 2090 Versatur
856 2033 939 2088 enim
950 2033 1034 2087 circa
1044 2029 1154 2086 volun·

24 2143 25 2200 j
102 2118 185 2174 tatem
200 2121 412 2191 dirigendam3
435 2122 514 2178 unde
536 2123 638 2177 totum
663 2122 821 2177 hominem
845 2119 979 2192 perficit.
996 2121 1096 2188 Igitur
1115 2118 1154 2173 ad

24 2227 25 2262 ς
102 2219 157 2261 eom
179 2211 315 2280 pertinet
340 2209 433 2265 linem
459 2211 606 2266 ultimum
628 2211 847 2272 determinare,
872 2223 991 2264 necnon
1015 2208 1098 2277 leges
1122 2208 1154 2262 et

101 2295 187 2353 officia
201 2299 709 2365 1111111110111111111111111
724 2301 828 2354 oritur
840 2299 917 2354 ordo
934 2297 1071 2359 moralis,
1081 2310 1152 2351 cum

24 2415 26 2426 ι
99 2385 205 2443 virtute
223 2389 374 2458 bonisque
390 2388 529 2448 moribus
545 2405 552 2442 ε
569 2402 630 2458 quo
648 2389 732 2444 certe
746 2387 827 2442 nihil
840 2389 888 2442 est
900 2385 1111 2456 praestantius.

131 2518 201 2576 1150.
218 2522 346 2576 Ethica
359 2521 540 2598 definitur.
556 2553 590 2562 -
610 2521 719 2576 Ethica
737 2521 862 2577 deliniri
877 2520 1001 2590 potest:
1018 2518 1153 2574 scientia

98 2609 220 2676 practica
234 2610 296 2679 quii
314 2611 408 2666 homo
423 2611 503 2666 liber
515 2611 665 2681 dirigitur
679 2613 711 2666 in
725 2612 817 2666 linem
834 2626 926 2667 suum
946 2611 1104 2666 ultimum.

126 2699 239 2756 Dicitur
252 2697 396 2756 scientia.
411 2703 485 2755 Nam
500 2702 548 2756 est
562 2701 699 2770 cognitio
714 2701 877 2769 acquisita,
890 2699 1045 2756 mediante
1058 2699 1152 2754 ratio-

98 2786 175 2844 cinio.
191 2791 277 2845 Unde
293 2791 427 2846 differta
440 2806 534 2844 sensu
549 2789 675 2855 morali,
692 2792 744 2858 qui
758 2792 874 2846 dicitur
888 2790 983 2846 etiam
998 2786 1153 2844 eonscien-

97 2871 143 2928 tia.
159 2879 264 2942 Porro,
281 2879 365 2935 sicut
386 2880 468 2934 ratio
485 2880 641 2935 naturalis
662 2881 730 2935 arte
749 2880 857 2949 logicae
875 2879 1006 2948 indiget,
1022 2879 1152 2934 111111-

96 2965 213 3022 scientia
227 2968 294 3022 sine
309 2967 440 3023 scientiis,
459 2967 570 3023 morali
586 2982 648 3024 non
667 2969 809 3023 sufficere
822 2969 959 3024 videtur.

24 3081 25 3110 ς
125 3055 239 3110 Dicitur
253 3056 366 3110 deinde
380 3057 511 3112 scientia
521 3055 672 3128 practica.
690 3059 765 3111 Nam
787 3057 855 3126 ejus
871 3057 1026 3126 objectum
1042 3057 1149 3126 praeci·

96 3153 180 3209 puum
195 3147 270 3201 sunt
284 3146 383 3206 actus,
396 3146 563 3202 volitiones
579 3147 610 3201 ct
624 3144 823 3202 intentiones.
836 3146 931 3210 Unde,
943 3145 1016 3200 licet
1027 3145 1152 3200 differat

24 3235 25 3304 j
95 3225 126 3284 ab
139 3234 201 3290 arte
215 3247 385 3302 omnesque
401 3235 552 3291 veritates
566 3236 662 3306 prout
677 3249 779 3290 mores
798 3235 940 3305 spectant
961 3233 1151 3303 speculetur,

24 3327 25 3394 l
95 3318 187 3378 11111
204 3323 372 3378 ordinatur
386 3324 595 3379 essentialiter
608 3325 645 3378 ad
662 3338 748 3393 opus.

24 3411 25 3486 1
125 3411 253 3480 lienique
277 3411 396 3466 dicitur
417 3411 622 3481 scientiaque
641 3410 730 3466 tomo
753 3410 829 3467 tiber
844 3412 993 3481 dirigitur
1006 3411 1038 3466 in
1053 3409 1148 3480 finem

24 3509 26 3554 ζ
96 3496 241 3554 altimum.
257 3503 336 3556 Nam
351 3503 498 3557 versatur
508 3501 592 3557 circa
606 3503 694 3557 actus
709 3501 846 3556 hominis
858 3500 984 3564 liberos,
996 3514 1050 3554 seu
1063 3501 1150 3554 actas

24 3575 25 3656 1
98 3583 246 3642 humanos.

24 3693 25 3740 3
127 3675 225 3732 lithica
239 3678 322 3733 enim
338 3692 401 3733 non
416 3678 526 3748 dirigit
545 3679 702 3734 hominem
717 3681 871 3748 quatenus
895 3679 943 3734 est
963 3679 1081 3734 animal
1093 3681 1149 3735 aut

24 3763 25 3808 1
99 3775 143 3818 ens
157 3779 214 3820 non
224 3767 359 3823 liberum
376 3767 443 3836 (hoc
467 3768 505 3823 ad
526 3769 711 3823 medicinam
734 3769 872 3837 aliasque
887 3768 1033 3824 scientias
1050 3769 1149 3839 perti—
