2910 4568
204 323 217 364 t

209 386 244 441 76
637 401 852 444 rsrcnouocia

208 482 368 584 plicantur
383 512 552 567 secundam
576 511 867 582 multiplicationem
889 511 1085 566 hominum...
1112 515 1178 566 Non
1193 511 1278 566 enim

209 585 315 654 potest
329 597 396 638 esse
412 583 492 652 quod
508 598 568 638 una
582 584 613 638 et
628 584 735 639 eadem
751 584 854 640 virtus
871 598 1002 640 numero
1017 584 1059 638 sit
1078 583 1278 639 diversorum

211 652 486 725 subjectorumfl).

248 780 314 836 870.
337 781 536 849 Utriusque
550 780 759 836 intellectas
768 780 973 836 relationes.
983 809 1017 820 -
1032 782 1120 834 Nunc
1131 779 1279 834 facillime

212 870 414 941 explicantur
429 871 594 938 utriusque
608 870 787 927 intellectas
802 869 981 925 relationes
998 870 1134 936 Uterque
1149 869 1281 938 respicit

210 959 294 1016 idem
314 958 481 1027 obiectum,
499 959 620 1015 scilieet
635 959 825 1022 universale,
842 959 896 1014 sed
911 958 1003 1015 aliter
1018 961 1049 1013 et
1064 958 1175 1020 aliter;
1206 971 1280 1012 nam

210 1048 390 1104 intellectus
415 1063 509 1116 agens
529 1049 624 1104 eflicit
648 1049 827 1104 universale
851 1048 1038 1110 formaliter,
1063 1047 1140 1102 illud
1162 1046 1283 1102 abstra-

210 1134 312 1190 hendo
327 1149 345 1189 1
359 1134 588 1205 phantasmate,
605 1136 679 1191 dum
696 1135 873 1191 intellectus
890 1136 1012 1205 patiens
1028 1135 1140 1204 recipit
1155 1134 1282 1188 univer-

212 1225 275 1280 sale
290 1229 322 1279 et
332 1239 389 1295 per
404 1225 482 1280 illud
497 1226 645 1292 tanquam
661 1239 719 1295 per
732 1225 924 1296 principium
938 1224 1096 1292 intelligit,
1109 1223 1234 1292 Judicat
1249 1224 1282 1278 ct

211 1313 431 1370 ratiocinatur.
454 1315 538 1368 Unde
565 1313 709 1369 videmus
738 1315 833 1370 etiam
858 1313 1052 1370 intellectum
1083 1315 1226 1382 agentem
1248 1313 1282 1367 et

210 1401 405 1458 intellectum
422 1404 592 1474 patientem
606 1417 673 1458 esse
689 1403 829 1459 diversas
848 1403 1004 1472 potentias
1015 1404 1063 1472 (2).

245 1527 307 1584 871.
319 1528 490 1584 Balmesii
505 1528 697 1584 dubitatio.
706 1559 740 1567 -
751 1531 796 1583 Ex
806 1529 853 1583 his
865 1529 1041 1597 colligimus
1051 1527 1281 1582 dubitationem

212 1617 360 1672 Balmesii
384 1618 421 1672 de
443 1617 620 1672 intellectas
640 1619 761 1686 agentis
785 1617 955 1674 existentia
970 1617 1122 1684 injustam
1142 1618 1174 1670 et
1192 1615 1281 1686 peri-

213 1705 351 1760 culosam
385 1721 462 1761 esse.
488 1707 621 1770 Etenim,
654 1707 715 1762 nisi
745 1707 934 1762 admittatur
961 1706 1140 1760 intellectus
1173 1719 1281 1772 agens,

211 1793 371 1850 adhaerere
388 1797 513 1865 oportet
538 1795 700 1851 idealismo
715 1796 767 1850 vel
782 1797 933 1850 sensismo
951 1811 957 1848 :
974 1795 1146 1859 idealism0‚
1162 1794 1189 1849 si
1209 1793 1283 1848 uni-

210 1883 346 1938 versalia
361 1885 504 1939 eristunt
517 1884 693 1939 formaliter
709 1887 801 1940 extra
825 1887 977 1944 mentem:
994 1884 1145 1938 sensismo
1161 1884 1279 1945 autem,

212 1973 238 2027 si
254 1973 446 2027 universalia
462 1987 523 2028 non
536 1972 677 2028 existunt
691 1975 723 2029 et
737 1974 874 2041 cognitio
896 1972 1033 2028 humana
1048 1987 1098 2027 res
1115 1971 1280 2027 sensibiles

211 2077 273 2119 nou
289 2066 460 2132 egreditur.

247 2191 308 2246 872.
331 2191 423 2246 Alias
441 2190 635 2246 facultates
660 2191 923 2246 intellectuales
941 2206 947 2246 :
968 2191 1150 2254 memoria,
1168 2191 1225 2245 etc.
1243 2220 1280 2229 -

210 2280 296 2334 Nunc
321 2281 476 2348 agendum
497 2281 545 2334 est
573 2279 610 2334 de
637 2281 708 2335 aliis
738 2280 939 2335 facultatibus
958 2295 1027 2349 quae
1053 2280 1090 2335 ab
1115 2279 1280 2334 intellectu

210 2367 337 2423 realiter
362 2383 424 2423 non
452 2369 710 2437 distinguuntur;
737 2369 768 2424 et
789 2369 1033 2439 primoquidem
1061 2370 1097 2424 de
1126 2367 1281 2423 memoria

209 2456 417 2512 intellectiva.
433 2460 535 2512 Pauca
550 2457 734 2526 adjiciemus
753 2458 882 2526 hisquae
896 2458 978 2513 dicta
993 2459 1067 2513 sunt
1080 2457 1116 2512 de
1128 2455 1282 2512 memoria

209 2547 371 2601 sensitiva.
395 2547 470 2600 Cbm
494 2561 604 2602 sensus
628 2561 690 2601 non
715 2547 908 2602 destituatur
925 2546 1085 2610 memoria,
1115 2562 1133 2600 a
1154 2545 1280 2601 fortiori

208 2635 398 2698 intellectus,
415 2635 468 2704 qui
485 2637 532 2690 est
547 2635 647 2703 magis
662 2635 783 2690 stabilis
799 2649 892 2703 quam
913 2649 1036 2706 corpus.
1054 2635 1111 2690 Sed
1128 2635 1279 2690 memoria

210 2723 404 2778 intellectiva
419 2739 480 2778 non
497 2724 602 2779 diflert
615 2724 744 2780 realiter
758 2725 796 2778 ab
810 2725 983 2780 intellectu.
1000 2725 1076 2778 Nam
1098 2725 1179 2778 ratio
1195 2737 1281 2794 prae-

207 2813 295 2870 teriti
312 2815 362 2868 vel
378 2815 542 2883 praesentis
561 2814 676 2868 accidit
697 2813 818 2882 objecto
842 2815 961 2869 directo
986 2813 1175 2874 intellectas,
1192 2813 1279 2868 scili·

208 2905 257 2957 eet
279 2903 464 2957 universali.
492 2903 674 2970 Universale
696 2903 779 2957 enim
804 2903 998 2958 transcendit
1020 2906 1145 2972 tempus
1164 2904 1196 2957 et
1210 2916 1279 2973 spa-

211 2993 302 3046 tium.
317 2991 466 3061 Apposite
482 2993 510 3046 S.
528 2992 585 3046 Th.
605 3008 612 3045 :
825 3062 827 3066 .

245 3097 422 3152 intellectus
437 3100 485 3153 est
501 3100 598 3167 magis
613 3099 733 3154 stabilis
749 3099 870 3154 naturae
885 3101 917 3156 et
927 3099 1096 3154 immobilis
1108 3099 1200 3168 quam
1217 3111 1281 3153 ma-

207 3169 290 3223 teria
306 3169 487 3238 corporalis.
506 3170 536 3222 Si
551 3185 625 3238 ergo
645 3171 779 3225 materia
800 3172 971 3239 corporalis
994 3171 1120 3235 formas,
1138 3183 1213 3238 quas
1229 3183 1280 3224 re-

210 3239 295 3309 cipit,
313 3254 375 3293 non
391 3242 491 3295 solam
508 3243 604 3300 tenet.
621 3242 695 3296 dum
719 3256 777 3310 per
790 3256 843 3323 eas
866 3243 932 3309 agit
951 3243 982 3296 in
1002 3244 1089 3334 &Q
1101 3244 1161 3324 'sed
1182 3241 1279 3296 etiam

209 3311 373 3380 postquam
390 3326 445 3380 per
459 3326 510 3366 eas
535 3327 626 3382 agere
642 3315 824 3376 cessaverit,
842 3313 941 3367 multo
965 3313 1079 3368 fortius
1099 3311 1279 3368 intellectus

208 3381 415 3437 immobiliter
438 3385 469 3437 et
493 3383 744 3438 inamissibiliter
768 3384 881 3453 recipit
905 3385 1023 3454 species
1052 3383 1279 3452 intelligibiles,

207 3453 274 3507 sive
299 3452 531 3508 asensibilihus
556 3457 710 3524 acceptas,
727 3455 794 3510 sive
816 3456 910 3510 etiam
937 3455 1096 3522 abaliquo
1121 3454 1280 3524 superiori

207 3523 368 3578 intellectu
393 3524 534 3579 effluxas.
556 3527 604 3580 Sic
627 3527 737 3594 igitur,
753 3526 780 3580 si
805 3527 955 3591 memoria
979 3526 1150 3596 accipiatur
1174 3525 1279 3580 solum

206 3609 263 3664 pro
277 3596 309 3649 vi
323 3596 542 3651 conservativa
555 3597 741 3666 specierum,
759 3599 883 3667 oportet
898 3597 1000 3653 dicere
1012 3598 1193 3652 memoriam
1209 3611 1280 3652 esse

237 3754 272 3809 (l)
289 3755 375 3814 Iota,
392 3771 415 3804 a.
433 3757 457 3805 5.

235 3817 388 3878 (21111,
407 3819 485 3874 ibid..
500 3834 523 3868 a.
542 3819 565 3874 t,
583 3820 611 3867 in
627 3834 701 3883 corp.
720 3825 775 3868 art.
