2910 4568
237 365 274 421 40
420 361 429 372 '
670 379 889 422 rsrcnouoom

236 484 333 560 proca
348 489 462 546 animae
473 491 506 546 et
519 491 661 562 corporis
682 493 928 560 consequeretur
945 506 1055 549 eorum
1071 493 1224 548 unionem·
1234 491 1312 546 sub-

237 580 428 636 stantialem.
442 580 473 635 Si
486 582 598 649 primo,
612 579 793 651 hypothesis
809 581 947 638 influxus
962 581 1084 652 physici
1100 594 1163 638 non
1177 579 1310 645 sufficit;

236 671 306 729 imo
320 669 524 739 impossibilis
548 671 596 726 est
615 669 726 726 saltem
750 671 832 726 aetio
857 671 998 741 corporis
1020 671 1053 726 in
1074 671 1211 727 animam
1234 683 1253 724 a
1276 683 1309 724 se

236 759 489 814 substantialiter
504 758 697 822 distinctam,
714 759 868 828 siquidem
890 774 1004 830 corpus
1017 773 1079 818 non
1094 759 1160 828 agit
1174 757 1236 814 nisi
1250 771 1309 828 per

236 849 416 907 contactum
431 847 463 902 et
480 861 536 918 per
557 849 678 902 motum
693 849 833 912 localem,
855 849 960 904 anime
974 850 1080 904 autem
1096 849 1144 904 est
1162 845 1305 918 spiritus,

235 937 266 990 Si
282 936 427 1000 secundo,
443 936 626 1006 hypothesis
647 936 788 992 influxis
810 937 931 1009 physici
951 939 1018 1007 jam
1043 936 1212 994 concordat
1235 949 1306 990 eum

237 1024 381 1080 doctrina
402 1024 439 1079 de
461 1025 576 1080 unione
596 1025 798 1081 substantiali
821 1027 934 1082 animae
959 1027 991 1082 et
1017 1025 1159 1097 corporis
1183 1025 1215 1080 et
1242 1023 1309 1084 sola

237 1113 433 1168 admittenda
450 1115 507 1168 est.
524 1115 611 1180 Sane,
629 1114 748 1170 cumin
764 1115 821 1170 hec
837 1114 1002 1184 hypothesi
1018 1129 1132 1185 corpus
1145 1115 1176 1170 et
1190 1113 1306 1176 anima,

235 1204 346 1272 utpote
369 1205 501 1260 materia
517 1205 549 1259 et
569 1204 681 1270 forma,
704 1205 768 1259 sint
787 1220 893 1260 causae
908 1204 1085 1260 intrinsecae
1102 1203 1200 1260 totius
1220 1217 1308 1258 oom-

238 1293 342 1362 pcsiti‚
359 1294 491 1362 possunt
506 1307 597 1361 agere
616 1293 648 1347 in
668 1295 771 1350 totum
787 1295 996 1364 compositum
1019 1295 1051 1349 et
1070 1293 1103 1347 in
1122 1306 1309 1361 quamcum-

238 1395 298 1451 que
313 1383 624 1453 partem'ccmpositi
637 1382 830 1454 proindeque
845 1395 1039 1452 unaquaeque
1053 1381 1157 1453 potest
1172 1394 1264 1450 agere
1277 1381 1310 1434 in

238 1471 381 1526 alteram.

270 1595 338 1666 ¹785.
360 1594 559 1652 Praesentia
577 1595 709 1650 animae
723 1596 763 1650 in
777 1610 933 1666 corpore.
947 1625 981 1636 -
995 1598 1052 1651 Per
1067 1595 1208 1651 eamdem
1223 1594 1311 1648 unio-

239 1699 310 1739 nem
334 1685 573 1741 substantialem
595 1685 773 1755 explicatur
794 1686 963 1755 praesentia
987 1685 1099 1740 animae
1119 1685 1152 1739 in
1167 1697 1309 1754 corpore.

240 1773 410 1830 Praesentia
424 1775 528 1829 autem
544 1774 641 1829 variis
659 1773 758 1830 modis
772 1774 962 1844 intelligitur
978 1791 985 1828 ε
1003 1773 1066 1828 alia
1080 1775 1127 1829 est
1141 1772 1310 1844 praesentia

240 1861 321 1933 entis
332 1863 413 1930 quod
428 1864 535 1932 partes
547 1863 638 1917 habet
653 1863 685 1917 et
699 1864 766 1918 loeo
782 1865 997 1927 mensuratum
1010 1863 1073 1917 alia
1085 1863 1132 1918 est
1141 1849 1311 1932 praesentia

241 1951 321 2022 entis
338 1952 515 2022 spiritualis
530 1953 581 2006 vel
605 1949 739 2018 alicujus
758 1951 867 2006 formae
888 1951 1074 2023 spiritualis.
1100 1953 1230 2019 Insuper
1253 1950 1310 2005 ali-

240 2039 314 2109 quid
328 2041 433 2110 potest
450 2055 517 2096 esse
538 2054 675 2110 praesens
698 2040 814 2096 alicubi
829 2041 1019 2112 tripliciter:
1041 2041 1230 2108 cognitione,
1246 2052 1309 2109 po-

240 2129 341 2186 tentia
355 2132 387 2185 et
405 2129 541 2186 essentia
557 2129 605 2199 (l).

276 2253 339 2310 786.
365 2255 486 2310 Varias
509 2257 711 2311 sententiae.
732 2286 765 2294 —
789 2259 935 2311 Jamvero
961 2255 999 2311 de
1021 2255 1112 2310 modo
1134 2253 1311 2324 praesentiae

241 2345 354 2400 animae
369 2344 402 2399 in
420 2358 550 2414 corpore
566 2344 744 2416 philosophi
760 2359 822 2399 non
835 2347 1070 2401 consenserunt.
1087 2345 1173 2400 Plato
1189 2341 1315 2400 dicebat

241 2432 380 2489 animam
395 2433 582 2489 rationalem
597 2447 665 2489 esse
680 2433 713 2488 in
729 2433 856 2488 cerebro
872 2435 1011 2490 tantum.
1030 2433 1224 2496 Aristoteles,
1241 2433 1313 2486 obm

241 2525 369 2593 putaret
384 2523 519 2577 animam
535 2536 602 2577 esse
618 2521 751 2577 sormam
768 2521 1007 2578 substantialem
1024 2521 1174 2591 corporis,
1192 2519 1317 2576 dicebat

144 2607 147 2614 ’
243 2610 311 2668 eain
336 2613 455 2668 esseio
475 2612 541 2666 toto
566 2624 712 2680 corpore.
738 2611 833 2666 Stoici
858 2612 995 2666 animam
1019 2611 1163 2666 dicebant
1190 2624 1257 2666 esse
1281 2610 1316 2663 in

243 2687 345 2756 corde.
367 2701 528 2755 Cartesius
540 2699 736 2756 existimavit
750 2701 862 2754 animae
878 2701 982 2756 sedem
998 2714 1065 2755 esse
1080 2699 1236 2768 quoddam
1256 2713 1315 2754 or-

244 2785 358 2858 ganum
379 2789 518 2854 unicum,
539 2791 572 2844 in
600 2787 701 2844 medio
725 2789 846 2844 cerebri
871 2788 1056 2844 collocatum
1081 2787 1174 2858 (quod
1200 2788 1316 2843 vocent

242 2875 356 2950 plaude
367 2874 515 2950 pietate).
533 2879 591 2934 etc.

277 3003 340 3058 787.
358 3004 453 3058 Vera
472 3004 612 3061 solutio.
630 3033 663 3044 -
679 3004 736 3059 Sed
752 3018 844 3068 nuno,
860 3003 996 3058 admissa
1017 3003 1160 3058 doctrina
1178 3002 1254 3058 verb
1273 3003 1311 3058 de

243 3081 415 3162 composito
435 3092 582 3158 humano,
599 3093 729 3148 dubium
745 3107 812 3149 esse
837 3107 899 3148 non
918 3093 1035 3164 potest.
1055 3093 1130 3148 dim
1146 3092 1251 3154 anima
1268 3093 1312 3146 sit

242 3181 345 3236 forma
362 3183 513 3252 corporis,
530 3181 617 3237 nulla
635 3196 708 3253 pars
726 3182 868 3253 corporis
883 3183 974 3238 extra
996 3181 1083 3237 illam
1103 3195 1170 3237 esse
1194 3180 1309 3254 potest.

243 3273 382 3338 insuper,
399 3270 470 3342 oiim
486 3269 588 3324 forma
603 3284 665 3326 non
686 3271 728 3326 sit
743 3271 920 3336 divisibilis
937 3271 1004 3327 tcta
1021 3272 1126 3325 anima
1145 3270 1234 3326 sitin
1250 3272 1311 3325 sin-

243 3359 326 3428 gulis
338 3353 478 3428 partibus
494 3361 628 3430 oportet.
645 3360 922 3426 Quemadmodum,
939 3375 986 3416 ex.
1004 3375 1050 3430 gr.
1063 3361 1165 3416 forma
1179 3361 1251 3415 auri
1266 3348 1315 3416 est

244 3449 311 3504 tota
329 3448 363 3504 in
384 3448 516 3518 singulis
531 3449 696 3520 particulis
715 3449 797 3514 auri,
816 3451 862 3506 ita
877 3451 983 3506 anima
998 3450 1045 3506 cst
1057 3442 1124 3506 tota
1135 3463 1191 3518 per
1206 3463 1314 3505 essen-

245 3534 323 3593 tiam
338 3551 427 3594 suam
444 3539 477 3592 in
493 3537 625 3606 singulis
639 3539 783 3609 partibus
799 3539 940 3610 corporis
956 3539 1096 3594 humani.
1114 3541 1233 3594 Revera
1253 3539 1318 3593 sin-

245 3621 326 3696 gulae
340 3629 446 3698 partes
462 3628 602 3697 corporis
618 3628 759 3684 sentiunt
774 3629 830 3683 aut
844 3629 955 3684 saltem
970 3628 1096 3692 vivunt,
1114 3629 1316 3692 nutriuntur;

280 3797 314 3861 (1)
333 3795 371 3846 Cf.
388 3796 522 3848 Meteon.
540 3796 571 3846 V.
588 3796 683 3846 Locus.
