2910 4568
421 429 519 471 carus
537 430 565 470 L.
584 446 616 456 -
632 426 681 470 n⁰⁸
696 417 760 479 843,
776 414 839 476 844,
857 415 919 468 845.
1171 421 1207 475 65
1282 493 1285 498 .

132 543 261 614 pissime
281 540 467 610 imaginatio
482 540 599 604 vivida,
626 541 699 596 dum
724 539 903 595 intellectus
928 541 959 595 et
980 540 1136 609 judicium
1158 559 1206 597 ra·

133 631 227 687 tionis
243 629 480 685 obnubilantur.

166 730 197 782 lo
212 729 316 784 littam
330 728 363 783 in
378 727 488 797 vigilia
502 728 533 783 et
556 727 639 799 apud
663 729 778 784 multos
803 727 956 791 homines,
982 728 1048 784 sive
1076 731 1208 800 propter
1276 755 1279 760 ·

114 819 280 890 nnaturam
306 817 459 886 ipsorum,
477 817 543 872 sire
570 817 700 886 propter
723 815 876 879 habitum,
897 817 1082 885 imaginatio
1108 818 1205 872 intel-

134 907 229 963 lectui
245 905 419 976 saepissime
439 905 619 976 opponitur,
645 905 691 961 ita
714 907 750 960 ut
772 920 834 961 uua
856 905 988 962 facultas
1014 906 1205 971 debilitetur,

134 995 234 1050 altera
247 994 395 1063 vigente;
418 994 499 1049 unde
515 995 562 1049 vis
587 996 618 1050 et
640 994 792 1064 perfectio
815 995 908 1049 unius
928 994 1067 1049 excludit
1084 996 1206 1066 perfec-

134 1085 250 1140 tionem
267 1085 324 1139 aut
336 1083 400 1137 vim
416 1083 561 1138 alterius.

168 1186 199 1239 5ο
212 1182 356 1238 Tandem·
366 1182 558 1251 imaginatio,
580 1183 661 1238 siout
676 1182 770 1238 ceteri
791 1195 910 1245 sensus,
931 1181 1057 1236 videtur
1073 1183 1209 1237 maxime

134 1273 310 1343 dependere
331 1272 578 1342 acomplexione
602 1272 741 1340 corporis
762 1271 794 1325 et
816 1272 927 1335 aetate;
953 1271 1035 1325 unde
1060 1270 1151 1326 floret
1175 1272 1208 1326 iu

129 1360 312 1428 juventute,
324 1359 398 1413 dum
414 1357 591 1414 intellectus
607 1359 757 1426 usquead
772 1364 946 1413 extremam
961 1360 1152 1414 senectutem
1169 1375 1208 1414 ex

134 1448 250 1504 natura
265 1447 323 1502 sua
337 1447 444 1518 perfici
462 1447 574 1516 potest.

170 1593 233 1657 844.
252 1589 459 1646 Corollaria.
475 1621 508 1630 -
529 1593 609 1660 Ergo
634 1592 823 1647 erraverunt
847 1591 1014 1646 cortesiani
1040 1591 1092 1660 qui
1122 1592 1209 1647 exis-

135 1681 334 1736 timaverunt
362 1693 469 1734 omnes
498 1679 582 1734 vires
606 1681 719 1734 animae
749 1680 976 1748 cognoscitivas
1006 1694 1072 1734 esse
1102 1681 1209 1735 modos

136 1772 169 1826 et
184 1768 455 1825 manifestationes
471 1769 567 1824 solius
583 1767 771 1822 intellectus

173 1868 371 1922 Erraverunt
386 1867 505 1936 pariter
519 1865 756 1920 evolutionismi
772 1866 923 1930 fautores,
939 1867 992 1935 qui
1016 1867 1212 1936 putaverunt

137 1959 278 2013 animam
298 1955 523 2011 intellectivam
539 1954 616 2010 oriri
631 1969 721 2026 posse
737 1971 774 2010 ex
790 1955 894 2010 anima
909 1955 1069 2011 sensitiva.

173 2053 385 2110 confutantur
416 2053 511 2108 etiam
544 2050 807 2107 assertationismt
840 2053 990 2117 fautores,
1019 2055 1072 2122 qui
1101 2055 1213 2123 putant

135 2144 336 2200 intellectum
352 2156 521 2210 exsurgere
536 2156 576 2196 ex
591 2142 797 2196 associatione
811 2144 984 2212 specierum
1004 2142 1210 2198 sensibilium.
1276 2163 1278 2171 ·

171 2242 311 2302 ,Tandem
323 2239 461 2308 cognitio
475 2239 612 2293 humana
627 2239 778 2310 explicari
796 2254 857 2294 non
877 2241 980 2310 potest
995 2241 1086 2295 unica
1105 2243 1213 2310 poten-

135 2331 184 2386 tia
198 2345 255 2386 seu
271 2329 431 2392 facultate,
446 2328 621 2398 praesertim
636 2329 661 2383 si
673 2328 739 2383 haec
755 2329 887 2384 facultas
901 2330 942 2383 sit
953 2329 1112 2384 sensitiva.
1127 2330 1213 2384 Unda

135 2419 249 2474 unitas
265 2413 498 2488 compositionis
514 2415 627 2471 meotis
651 2415 799 2471 hnmanae
814 2418 941 2472 omuino
961 2416 1131 2484 rejicienda
1147 2419 1207 2472 est.

172 2566 242 2619 845.
267 2561 484 2631 Imaginatio
509 2565 565 2616 est
588 2576 718 2616 sensus
740 2562 949 2617 distinctus
971 2592 1004 2600 -
1027 2562 1212 2630 Imaginatio
1283 2548 1285 2553 ’

136 2654 187 2710 444
199 2652 351 2708 distincta
367 2664 428 2706 non
444 2649 544 2705 scliun
559 2651 597 2704 ab
612 2650 783 2714 intellectu,
802 2652 856 2706 sed
876 2651 971 2706 etiam
985 2665 1003 2704 a
1018 2651 1130 2706 ceteris
1146 2665 1212 2706 sen-

137 2741 238 2805 sibus,
248 2741 380 2811 propter
395 2739 550 2807 obiectum
565 2753 667 2803 suum,
680 2739 761 2809 quod
777 2742 825 2795 est
840 2741 916 2794 satis
931 2740 1127 2795 distinctum.
1137 2742 1213 2794 Nam

137 2831 178 2886 ad
201 2831 301 2885 solam
329 2829 585 2896 imaginationem
605 2829 743 2897 pertinet
766 2826 962 2891 reproductio
984 2826 1213 2882 causationum.

137 2922 209 2975 Non
231 2920 302 2989 ipsa
330 2918 427 2982 videt,
453 2917 551 2980 audit,
580 2919 651 2981 etc,
675 2931 775 2985 neque
803 2918 899 2972 sentit
924 2918 1052 2980 vidisse,
1077 2911 1213 2981 audisse,

139 3021 244 3076 neque
255 3006 381 3076 judicat
400 3007 456 3060 aut
471 3006 623 3068 meminit,
641 3005 693 3060 sed
709 3007 888 3074 reproducit
905 3023 911 3059 :
939 3009 987 3061 est
1009 3007 1103 3070 enim,
1120 3008 1156 3060 ut
1171 3008 1216 3061 ait

139 3101 169 3151 s.
184 3097 240 3150 Th.
258 3115 273 3146 u
284 3096 374 3163 quasi
389 3094 558 3150 thesaurus
573 3095 699 3162 quidam
712 3095 886 3150 formarum
901 3110 957 3165 per
972 3109 1097 3151 sensum
1113 3109 1214 3164 accep·

137 3188 250 3242 tarum
268 3203 293 3236 ».

177 3283 323 3338 Notanda
336 3283 383 3336 est
405 3281 583 3352 praesertim
605 3281 838 3350 imaginationis
862 3282 1022 3337 distinctio
1038 3297 1056 3336 a
1072 3282 1215 3337 sensibus

139 3372 304 3436 externis;
321 3384 389 3438 quae
403 3370 515 3439 negata
529 3371 578 3424 est
600 3385 619 3424 a
642 3384 703 3425 non
718 3371 827 3440 paucis
843 3371 1036 3441 philosophis
1056 3371 1213 3426 recentio-

139 3461 243 3524 ribus,
261 3461 332 3514 cum
349 3459 489 3517 dicerent
503 3473 560 3529 per
574 3473 683 3514 sensus
699 3459 844 3514 externos
860 3460 1002 3528 cognosci
1019 3459 1216 3514 solummodo

143 3551 275 3605 nostras
289 3547 434 3618 proprias
449 3548 637 3602 affectiones.
655 3550 732 3602 Sane
748 3548 773 3602 si
790 3548 880 3615 visin,
898 3563 946 3603 ex.
963 3562 1023 3616 gr,
1040 3548 1087 3602 est
1103 3547 1218 3603 solum-

143 3638 239 3694 modo
256 3637 417 3708 perceptio
437 3636 572 3705 alicujus
588 3634 827 3692 modificationis
844 3637 975 3704 subjecti
991 3635 1138 3702 videntis,
1155 3651 1216 3692 non

142 3727 256 3782 differt
280 3727 317 3780 ab
342 3727 414 3782 actu
436 3725 686 3793 imaginationis
703 3725 833 3793 ideoque
857 3725 998 3781 habenda
1021 3725 1120 3780 estut
1145 3726 1217 3780 alu-

138 3815 274 3872 cinctio.

1126 3955 1153 3996 5*
