2910 4568
239 439 275 492 84
498 457 499 460 “
667 447 883 488 rsroflonoorn

240 561 351 616 ceterae
379 529 550 629 passiones.
578 561 675 613 Amor
701 557 807 612 autem
830 558 877 612 est
909 555 1050 610 absolute
1074 554 1188 610 fortior
1215 552 1311 622 quam

141 641 144 658 ⁴
239 649 361 714 odium;
382 663 452 702 nam
477 647 584 703 odium
607 645 711 702 oritur
725 661 764 701 ex
778 659 885 700 amore
901 645 973 700 boui
990 645 1039 699 oui
1056 644 1228 715 opponitur
1248 657 1312 698 ma·

239 733 313 792 lum
325 737 451 792 odibile.
467 735 554 790 Unde
572 735 598 790 si
614 734 720 789 odium
735 734 783 790 est
796 733 955 789 interdum
971 733 1085 788 fortius
1101 731 1193 800 quarn
1209 745 1311 794 amor,

239 827 296 882 hoc
312 828 360 882 ost
374 841 432 896 per
446 825 599 880 accidens.
616 824 702 887 Quod
716 824 760 878 sic
776 823 912 892 explicat
927 825 955 877 S.
976 823 1056 877 Th.:
1166 889 1183 927 ·

274 941 446 1009 Aliquando
465 940 594 994 videtur
608 939 715 994 odium
739 939 856 994 fortius
872 953 978 994 amore
994 939 1125 1008 propter
1140 937 1201 992 duo
1218 955 1224 989 ε
1242 937 1308 1007 pri-

240 1015 290 1066 mo
306 1013 441 1080 quidem,
457 1012 531 1080 quia
554 1011 661 1066 odium
690 1011 739 1065 est
772 1010 870 1077 magis
895 1010 1040 1064 sensibile
1064 1009 1157 1076 quam
1182 1023 1309 1063 amor...

240 1084 389 1146 Secundo,
407 1083 480 1150 quia
495 1097 556 1136 non
573 1082 891 1152 comparaturodium
908 1082 945 1136 ad
961 1095 1100 1136 amorem
1117 1080 1175 1136 sibi
1191 1094 1312 1134 corres-

239 1155 438 1225 pondentem.
456 1154 631 1208 Secundum
645 1154 727 1206 enim
745 1153 959 1208 diversitatem
974 1153 1128 1207 bonorum
1145 1153 1193 1206 est
1207 1151 1312 1206 diver-

241 1226 317 1280 sitas
342 1239 483 1279 amorum
512 1225 543 1277 in
568 1224 783 1292 magnitudine
799 1225 830 1278 et
848 1224 1017 1292 parvitate,
1034 1223 1147 1289 quibus
1170 1236 1312 1292 propor-

239 1297 404 1352 tionantur
430 1296 574 1366 opposita
601 1296 681 1350 odia.
711 1295 797 1350 Unde
835 1295 941 1350 odium
975 1295 1056 1364 quod
1086 1293 1314 1363 correspondet

242 1367 354 1435 maj0ri
370 1368 482 1430 amori,
504 1367 602 1436 magis
619 1367 725 1421 movet
738 1367 830 1434 quam
848 1367 949 1420 minor
969 1380 1057 1420 amor
1071 1365 1119 1433 (l).

276 1509 337 1562 aab.
362 1509 542 1565 Quomodo
565 1523 609 1562 ex
635 1522 756 1563 amore
775 1523 899 1564 omnes
924 1509 1111 1578 passiones
1130 1507 1313 1582 oriuntur.

241 1627 274 1636 —-
294 1603 390 1652 Amor
404 1597 503 1666 igitur
518 1599 565 1652 est
579 1611 674 1653 causa
690 1597 830 1652 omnium
846 1599 1038 1668 passionum,
1055 1610 1124 1664 quae
1139 1597 1183 1652 sio
1207 1595 1245 1650 ab
1273 1611 1312 1651 eo

240 1687 422 1756 procedunt.
447 1686 532 1740 Siin
565 1686 668 1741 locum
693 1685 766 1741 boni
796 1687 952 1741 sufficitur
981 1675 1109 1750 malum,
1126 1685 1193 1754 J'am
1220 1700 1313 1740 amor

241 1776 371 1842 generat
390 1773 511 1828 odium.
537 1775 566 1830 Si
595 1774 711 1830 bonum
746 1775 786 1830 sit
809 1775 946 1830 nondum
971 1775 1129 1846 adeptum,
1159 1789 1249 1829 amor
1274 1773 1314 1829 iit

240 1861 443 1926 desiderium,
472 1863 520 1918 cui
548 1863 719 1933 opponitur
750 1862 872 1917 aversio
892 1878 947 1918 seu
970 1863 1054 1932 suga.
1077 1864 1107 1918 Si
1131 1863 1248 1918 bonum
1268 1864 1313 1920 sit

240 1965 387 2021 praesens,
405 1966 493 2007 amor
507 1953 636 2020 generat
650 1950 805 2022 pendium
820 1953 871 2007 vel
887 1952 1134 2016 delectationem,
1150 1952 1201 2006 cui
1215 1967 1313 2023 oppo-

241 2041 329 2096 nitur
344 2037 479 2101 tristitia
502 2039 553 2095 vel
569 2039 672 2095 dolor.
698 2041 728 2094 Si
753 2040 868 2094 bonum
894 2041 974 2108 quod
996 2041 1133 2096 nondum
1160 2039 1311 2108 habetur,

240 2129 281 2183 sit
296 2129 441 2191 arduum,
458 2129 558 2184 amori
572 2129 776 2198 conJungitur
790 2144 867 2200 spes,
879 2130 929 2184 cui
941 2130 1110 2200 opponitur
1123 2127 1310 2201 desperatio,

241 2218 270 2272 Si
294 2219 409 2272 malum
435 2217 476 2272 sit
500 2218 678 2294 imminens,
696 2217 766 2272 odio
791 2218 994 2285 conjungitur
1014 2216 1120 2285 timor,
1143 2218 1196 2286 qui
1227 2219 1309 2274 illud

238 2307 329 2368 vitat,
346 2307 396 2361 vel
417 2304 563 2369 andacia,
580 2321 647 2374 quae
667 2307 745 2360 illud
769 2307 961 2374 aggreditur.
979 2307 1112 2361 Tandem
1137 2307 1225 2362 venit
1244 2305 1309 2372 ira,

239 2411 307 2464 quae
342 2395 446 2458 oritur
465 2410 504 2449 ex
538 2396 619 2450 malo
653 2395 802 2465 praesenti
827 2396 858 2450 et
884 2395 1004 2450 acerbo.
1040 2397 1096 2450 Irae
1119 2396 1224 2450 autem
1247 2411 1310 2452 non

240 2485 409 2554 opponitur
423 2485 524 2552 passio
541 2484 655 2552 aliqua,
673 2483 725 2538 sed
739 2483 840 2538 soldm
857 2484 991 2552 negatio.
1008 2485 1164 2540 Audiatur
1179 2486 1210 2539 S.
1231 2487 1287 2540 Th.
1301 2503 1308 2540 :

278 2601 313 2653 ln
330 2599 466 2654 motibus
479 2599 662 2668 appetitivae
677 2599 787 2669 partis,
805 2599 919 2654 bonurn
936 2600 1029 2655 habet
1045 2600 1134 2668 quasi
1153 2600 1310 2657 virtutem

240 2671 453 2731 attractivam,
471 2671 587 2723 malurn
603 2672 709 2724 autem
720 2670 873 2724 virtutem
888 2671 1090 2741 repulsivam.
1104 2674 1223 2726 Bonum
1234 2687 1311 2741 ergo

241 2741 345 2811 primb
360 2741 392 2794 in
407 2741 550 2809 potentia
564 2740 737 2810 appetitiva
756 2741 865 2796 causat
879 2743 1045 2810 quamdam
1059 2743 1308 2808 inclinationem,

240 2827 295 2868 seu
311 2811 533 2880 aptitudinem,
550 2826 603 2866 seu
620 2813 915 2868 connaturalitatem
935 2813 974 2867 ad
989 2813 1115 2880 bonum,
1132 2815 1214 2882 quod
1236 2830 1309 2885 per·

240 2884 321 2938 tinet
348 2881 386 2936 ad
416 2885 590 2950 passionem
619 2883 747 2948 amoris
771 2883 821 2938 oui
843 2898 898 2954 per
925 2885 1119 2940 contrarium
1140 2887 1312 2955 respondet

241 2955 346 3009 odium
363 2957 508 3022 exparte
530 2953 613 3008 mali.
635 2954 785 3018 Secundo,
810 2955 837 3010 si
859 2955 974 3009 bonum
999 2956 1041 3022 sit
1063 2956 1202 3011 nondum
1217 2957 1310 3012 habi-

240 3027 319 3088 tum,
337 3024 389 3078 dat
404 3025 432 3078 ei
448 3027 569 3079 motum
588 3024 626 3079 ad
641 3026 868 3090 assequendum
884 3027 999 3081 bonum
1018 3027 1175 3092 amatum;
1197 3030 1229 3082 et
1250 3028 1311 3084 hoc

240 3095 380 3176 pertinet
403 3097 441 3150 ad
465 3096 641 3178 passionem
667 3097 814 3151 desiderii
836 3096 886 3151 vel
910 3099 1188 3180 concupiscentiam
1208 3100 1241 3153 et
1259 3115 1310 3183 =er

240 3167 387 3318 illiti
399 3167 640 3304 arabat.
654 3168 1310 3308 tt‘tibairiadautitilus

240 3310 360 3378 inipso
386 3309 465 3364 bono
492 3310 621 3378 adepto;
640 3310 671 3364 et
692 3310 750 3364 hoc
773 3311 911 3380 pertinet
935 3311 973 3366 ad
1002 3311 1240 3366 delectationem
1257 3313 1310 3367 vel

240 3380 401 3448 gaudium,
427 3380 476 3434 cui
498 3381 669 3451 opponitur
683 3395 722 3435 ex
737 3383 826 3451 parte
849 3381 922 3435 mali
939 3383 1027 3436 dolor
1042 3382 1093 3436 vel
1107 3383 1255 3437 tristitia.
1275 3385 1309 3437 ln

239 3451 437 3520 passionibus
452 3453 557 3506 autem
574 3451 791 3507 irrascibilis...
808 3453 951 3521 respectu
967 3453 1038 3508 boni
1049 3453 1186 3508 nondum
1202 3454 1311 3524 adepti

241 3523 289 3576 est
317 3535 386 3589 spes
411 3523 442 3576 et
466 3523 663 3592 desperatio;
688 3525 833 3593 respectu
853 3525 958 3578 autem
975 3525 1048 3579 mali
1065 3526 1203 3581 nondum
1223 3526 1311 3594 inja-

241 3592 339 3646 centis
354 3594 401 3647 est
415 3593 513 3648 timor
536 3595 568 3648 et
581 3594 730 3659 audacia;
752 3598 896 3664 respectu
910 3596 1015 3650 autem
1031 3595 1104 3650 boni
1123 3597 1230 3666 adepti
1245 3609 1309 3652 non

240 3664 288 3717 est
312 3663 417 3732 aliqua
431 3668 534 3733 passio
554 3665 586 3719 in
602 3665 763 3730 irascibili,
780 3665 854 3733 quia
874 3665 941 3734 jam
963 3666 1132 3722 nonhabet
1150 3669 1308 3723 rationem

271 3858 305 3919 (l)
321 3857 357 3918 1³,
375 3857 419 3914 2³³,
437 3873 461 3922 q.
473 3858 513 3920 29,
529 3874 552 3908 a.
571 3859 595 3907 3.
