2910 4568
213 375 250 428 bd
642 387 858 435 rsrcuonocm

249 499 312 554 846.
332 499 385 554 De
405 498 657 555 alucinatione.
674 528 708 539 -
734 500 817 553 Hane
832 497 1062 554 conclusionem
1081 511 1143 552 non
1156 495 1283 568 respuit

212 586 315 652 Taine,
333 587 439 643 dicens
464 588 617 643 visionem
640 601 707 643 esse
736 586 981 642 alucinationem
1010 586 1226 642 continuatam
1250 586 1284 641 et

213 677 402 734 ordinatam.
418 677 525 732 -Sed
541 676 722 742 alucinatio,
733 678 769 732 ut
782 677 879 747 patet,
895 675 1047 745 importat
1060 674 1197 744 aliquam
1213 688 1283 746 per-

212 766 425 822 turbationem
441 766 553 822 animae
568 768 624 822 aut
648 779 858 836 organorum3
876 765 923 820 est
944 763 1060 827 illusio,
1076 778 1169 834 quam
1184 765 1284 820 iutel-

213 855 324 913 lectus.
339 855 399 910 nisi
415 855 458 910 sit
469 855 648 925 impeditus,
659 855 812 924 dissipare
823 855 879 909 aut
888 853 999 910 saltem
1010 853 1155 923 judicare
1165 854 1282 925 potest,

213 945 288 1000 dum
304 944 385 999 visio
409 946 456 1000 est
478 943 632 1000 naturalis
652 947 683 1000 et
703 943 823 1011 jndicio
847 942 1026 999 intellectus
1045 943 1282 1014 comprobatur.

214 1029 376 1098 Objectum
388 1033 542 1088 directum
554 1032 775 1088 alucinationis
786 1033 861 1088 sunt
871 1032 1108 1102 phantasmata3
1123 1031 1283 1102 objectum

215 1124 290 1177 verb
304 1121 447 1185 visionis,
458 1123 508 1177 vel
523 1121 706 1185 auditionis,
720 1121 778 1176 etc.
794 1122 869 1177 sunt
883 1135 990 1176 rerum
1006 1121 1185 1188 qualitates.

197 1255 198 1260 ’
251 1246 318 1302 847.
336 1246 553 1317 Imaqinatio
567 1247 614 1302 ad
626 1260 751 1302 omnes
765 1260 895 1302 sensus
914 1244 1130 1316 applicatur.
1147 1277 1181 1289 -
1196 1249 1288 1305 Siout

215 1335 396 1399 alucinatio,
431 1349 501 1404 quae
525 1337 573 1392 est
596 1335 665 1403 ejus
699 1335 892 1404 depravatio,
928 1333 1112 1404 imaginatio
1132 1339 1287 1395 sensatio-

215 1425 426 1481 aesomnium
447 1439 596 1481 sensuum
611 1425 821 1497 reproduoere
842 1426 954 1494 potest.
971 1424 1184 1492 imaginamur
1197 1427 1286 1484 enim

216 1527 272 1570 nos
287 1513 406 1575 videre,
422 1513 541 1578 audire,
565 1515 704 1582 gustare,
722 1514 781 1568 etc.
806 1515 946 1584 Insuper,
970 1513 1154 1582 imaginatio
1178 1516 1288 1586 potest

215 1617 282 1660 esse
297 1604 369 1674 plus
385 1602 530 1659 minusve
546 1603 654 1658 vivida
669 1603 701 1658 et
720 1601 869 1673 perlecta,
885 1602 918 1656 in
942 1601 1075 1672 singulis
1092 1603 1286 1673 hominibus,

215 1697 311 1762 prout
338 1692 516 1763 applicatur
538 1692 576 1747 ad
598 1692 702 1747 visum
725 1692 775 1746 vel
797 1691 836 1746 ad
865 1691 1019 1755 auditum,
1043 1693 1100 1748 etc.
1136 1694 1286 1749 Attamen

215 1782 348 1837 facultas
362 1780 554 1850 imaginandi
570 1795 632 1836 non
652 1781 700 1836 est
723 1779 890 1852 multiplex
905 1781 1123 1847 essentialiter,
1139 1781 1192 1838 sed
1209 1797 1287 1840 uua.

251 1907 314 1962 848.
335 1905 610 1976 Ῑωασὶιιαιίοηὶε
627 1920 761 1962 munus
789 1907 1046 1962 necessarium.
1070 1936 1102 1948 -
1125 1907 1288 1976 Imagina-

214 1995 311 2052 tionis
335 1995 384 2051 est
405 1995 567 2050 materiam
593 1997 744 2064 praestare
767 1994 952 2059 intellectui,
976 1996 1029 2064 qui
1049 2011 1142 2065 agere
1162 1998 1286 2066 nequit,

214 2085 334 2141 scilicet
361 2083 553 2149 abstrahere,
583 2084 827 2155 apprehendere,
856 2084 1010 2153 judicare,
1040 2083 1223 2142 ratiocinari
1253 2089 1289 2144 et

216 2173 376 2230 recordari
399 2174 465 2230 sine
479 2173 708 2243 phantasmate.
726 2175 882 2228 Praeterea
901 2161 1060 2245 appetitus
1076 2189 1138 2230 uon
1154 2189 1286 2235 moven-

215 2266 270 2321 tur
289 2263 350 2319 nisi
366 2261 649 2332 phantasmatibus.
664 2262 751 2318 Unde
771 2262 838 2318 tota
852 2264 919 2320 vita
934 2263 1087 2320 sensitiva
1100 2265 1132 2320 et
1145 2263 1291 2324 intellec.

215 2354 310 2410 tualis
321 2354 359 2408 ab
374 2352 599 2421 imaginatione
607 2351 772 2421 dependet;
785 2364 853 2420 quae
862 2353 994 2422 proinde
1004 2353 1042 2409 ad
1055 2353 1287 2424 perlectionem

217 2428 358 2500 omnium
385 2439 598 2512 potentiarum
622 2442 653 2495 et
684 2440 847 2496 habituum
867 2443 1003 2498 maxime
1024 2443 1157 2500 confert.
1172 2444 1286 2512 ltaque

217 2546 279 2587 nou
295 2531 453 2586 immerito
468 2529 505 2584 de
520 2529 680 2585 effectibus
700 2543 755 2584 seu
770 2531 942 2586 commodis
957 2532 1192 2601 imaginationis
1214 2533 1287 2590 haec

118 2638 120 2643 ¹
216 2621 330 2676 statuit
342 2619 426 2674 card.
446 2619 594 2674 Gonzalea
615 2634 622 2671 :

176 2769 180 2780 .
256 2730 280 2780 1ο
296 2725 478 2794 imaginatio
494 2723 635 2780 habenda
660 2726 708 2781 est
729 2727 878 2793 tanquam
900 2727 1046 2798 proxima
1068 2728 1156 2797 origo
1178 2725 1290 2797 cogni-

216 2797 312 2853 tionis
326 2797 550 2852 intellectualis
566 2796 720 2852 humanae.

251 2870 283 2920 20
303 2869 522 2936 conceptiones
539 2867 733 2922 universales
749 2868 780 2922 et
802 2867 975 2924 abstractas
987 2869 1165 2926 intellectus
1193 2870 1287 2928 nobis

216 2939 320 2994 reddit
333 2939 543 3009 proximiores
558 2942 589 2994 et
603 2939 702 2994 veluti
718 2939 891 2995 sensibiles.

251 3010 282 3063 30
302 3009 456 3064 ludurium
473 3010 647 3064 maximum
658 3009 972 3078 obtinetimagiuatio
984 3011 1175 3082 inpulchras
1186 3013 1286 3077 artes,

215 3095 292 3150 quas
307 3081 440 3149 quodam
458 3081 548 3136 modo
561 3081 672 3150 gignit,
690 3081 777 3136 fovet
788 3083 820 3136 et
834 3080 968 3150 perficit.

252 3155 280 3208 40
300 3153 427 3206 coniers
441 3155 473 3206 et
479 3151 571 3222 juvat
584 3152 768 3220 imaginatio
783 3152 820 3206 ad
836 3153 1007 3222 systemata
1020 3154 1173 3223 cujusque
1185 3168 1288 3224 gene-

216 3224 260 3280 ris
276 3222 468 3279 conficienda
486 3224 518 3278 et
532 3221 722 3292 perficienda
738 3224 785 3292 (l).

252 3351 314 3406 849.
336 3348 552 3418 Imaginatio
567 3353 625 3404 est
637 3348 801 3418 potentia
820 3363 918 3405 mere
940 3349 1128 3406 sensitiva.
1142 3380 1176 3391 —
1195 3352 1287 3409 Atta-

220 3453 300 3503 men,
315 3439 410 3494 etiam
425 3438 496 3492 ciam
511 3437 548 3492 ea
562 3438 666 3494 utitur
688 3437 868 3494 intellectus
890 3438 928 3494 ad
948 3453 1043 3510 opera
1063 3439 1182 3495 eximia
1204 3442 1289 3499 artis

216 3529 249 3584 et
262 3527 401 3583 scientiae
420 3525 625 3596 excogitanda
651 3527 683 3583 et
705 3525 905 3597 perficienda,
932 3528 1115 3596 imaginatio
1142 3533 1291 3589 remanet

218 3617 360 3687 potentia
383 3629 466 3671 mere
488 3615 648 3671 sensitiva.
666 3617 726 3671 Nec
740 3615 961 3685 distinguenda
976 3617 1023 3672 est
1037 3618 1252 3676 essentialiter
1267 3636 1289 3679 a

249 3793 281 3854 (1)
300 3793 479 3856 Philosophia
492 3793 685 3849 elevarentaria,
699 3793 752 3842 vol.
770 3792 789 3840 1.
